3064 4747
280 1941 317 1959 ι.
386 1926 631 1980 currunt,
664 1927 772 1968 tum
803 1921 932 1970 enim
966 1927 1071 1970 tota

375 215 518 291 326

1171 215 1238 279 T.
1345 208 2091 288 LUCRETII

376 340 569 414 thf‘s
590 337 713 394 vera
743 339 830 405 iste
868 342 1053 409 duplici
1122 343 1299 415 Nam
1325 312 1571 426 duplici
1592 341 1844 410 ratione
1866 339 2243 413 accenditur
2263 388 2283 416 ‚
2308 335 2451 426 Ipse
2471 334 2772 410 suanam

368 411 563 461 ratione
577 411 862 462 accenditur
881 448 897 473 ‚
940 428 1053 460 nam

372 478 460 530 vel
496 477 581 538 su
600 496 627 527 ο
671 480 866 544 pernici
921 489 1054 529 motu

1126 433 1499 504 Mobilitate
1522 427 1771 500 calescit
1788 481 1810 515 ‚
1844 433 1905 500 &
1929 430 1964 498 ὲ
1986 429 2376 515 contagibus
2399 431 2584 516 ignis.

357 546 621 613 flammam
637 549 873 614 concipit,
894 548 1056 605 vela&
1126 522 1285 593 Inde
1309 521 1423 592 ubi
1449 521 1763 606 percaluit
1784 520 1887 588 vis
1909 520 2135 603 Venti,
2159 520 2262 587 vel
2289 516 2506 604 gravis
2527 519 2711 605 Ignis
2760 530 2918 606 28o

373 614 1055 680 Igneis‚quaesuntinNube‚
1130 615 1415 697 Impetus
1449 608 1699 679 inceffit
1722 637 1738 678 ε
1765 630 2100 684 maturum
2123 629 2264 678 tum
2298 605 2471 693 quasi
2496 609 2786 680 Fulmen

377 684 656 736 Seminibus
721 683 1004 735 accenditur
1037 702 1058 743 ,-

277 788 283 796 ι
376 739 503 805 Inde
539 751 651 803 ciem
711 751 901 804 Ventus
959 752 1060 819 ipse

358 821 621 887 flammam
641 823 944 886 conceperit,
972 830 1060 871 aut

1046 746 1049 749 -
1129 699 1485 774 Per-scindit
1509 696 1730 773 subito
1751 700 1820 770 N
1827 699 2020 771 ubem
2048 749 2067 778 ,
2090 694 2426 783 ferturque
2454 695 2743 771 coruscis

1130 790 1385 863 Omnia
1410 789 1779 859 luminibus
1803 786 2083 863 lustrans
2110 789 2248 857 loca
2279 787 2564 874 percitus
2585 790 2789 859 ardor
2817 815 2836 858 :

378 890 490 941 cum
505 890 563 939 ab
578 889 675 939 alio
691 889 817 953 Igne
840 890 1063 945 accendi·
1134 883 1357 965 Quem
1383 880 1600 965 gravis
1622 875 1980 981 insequitur
2003 879 2300 960 Sonitus,
2334 873 2603 969 displosa
2623 897 2906 964 repente

378 967 465 1008 tur
487 995 505 1021 ‚
544 968 653 1013 tum
689 958 898 1010 Fulmen
932 956 1069 1031 ‘Imfi

378 1036 629 1079 maturum
646 1023 819 1087 subite
844 1040 1064 1090 perrum-

374 1094 753 1161 pitNubem‚&
775 1093 1066 1165 impetuosus

378 1163 523 1228 Igne}
555 1164 721 1215 evolat
755 1163 964 1225 coruscu-
989 1164 1065 1214 lu·-

380 1233 596 1287 mim’bus
628 1233 733 1290 loca
772 1234 933 1283 omnia
955 1245 1066 1299 per-

378 1299 604 1363 lustrans.
632 1301 783 1352 Hunc
798 1300 976 1366 Ignem
989 1301 1067 1352 in-

375 1385 495 1433 gens
518 1369 707 1433 fimgor
744 1369 1023 1437 insequitur
1047 1406 1063 1431 ‚

382 1443 442 1488 ut
473 1436 709 1489 Fornices
754 1439 869 1490 Coeli
895 1436 1067 1501 subito

1135 970 1531 1059 opprimere
1552 988 1627 1039 ut
1648 970 1791 1037 coeli
1815 969 2167 1037 videantur
2194 968 2433 1052 templa
2454 963 2907 1056 superne.285

1138 1060 1295 1129 Inde
1321 1078 1568 1127 tremor
1587 1059 1827 1131 Terras
1854 1059 2138 1145 graviter
2168 1077 2515 1144 pertentat,
2553 1057 2617 1126 &
2639 1060 2860 1131 altum

1136 1152 1490 1220 Murmura
1511 1170 1905 1232 percurrunt
1925 1149 2166 1222 coelum
2188 1174 2205 1214 ε
2236 1170 2386 1218 narn
2411 1165 2547 1215 tota
2564 1141 2701 1223 fere
2729 1166 2885 1219 tum

1136 1236 1515 1325 Tempestas
1540 1233 1835 1311 concussa
1853 1238 2101 1319 tremit,
2112 1232 2473 1320 fremitusq3
2495 1259 2901 1313 moventur:

1138 1332 1300 1415 Qo
1319 1329 1398 1396 de
1423 1326 1725 1403 concufl'u
1749 1324 2038 1411 sequitur
2057 1328 2271 1413 gravis
2297 1325 2516 1398 Imber
2540 1377 2560 1410 ‚
2599 1332 2659 1398 &
2688 1328 2899 1408 uber,

1139 1419 1387 1489 Omnis
1409 1418 1503 1486 uti
1537 1417 1837 1488 videatur
1861 1417 1929 1485 in
1952 1416 2240 1485 Imbrern
2263 1415 2905 1505 vertierAEther,29o

385 1507 570 1572 impetu
587 1507 780 1573 dirupti
801 1507 854 1561 in
886 1507 939 1560 T
934 1524 1067 1558 erras
1140 1509 1356 1593 Atque
1377 1507 1466 1576 ita
1487 1506 1896 1593 praecipitans
1924 1506 2004 1575 ad
2033 1506 2347 1576 diluviem
2377 1529 2729 1579 revocare:

385 1573 551 1635 casuri
565 1574 837 1627 videantur
856 1613 872 1640 ‚
881 1574 1070 1642 suoque

348 1690 351 1695 ,
385 1641 501 1704 casu
537 1658 697 1694 omnes
732 1644 958 1695 mortales
987 1656 1069 1712 op-

1138 1599 1397 1669 Tantus
1419 1594 1687 1669 discidio
1707 1595 1904 1666 nubis
1923 1646 1945 1679 ,
1978 1595 2291 1680 ventique
2315 1594 2593 1681 procella
2619 1647 2642 1682 ,

340 1754 341 1757 ,
381 1705 606 1779 preffieri.
627 1706 923 1763 Indetotan'»
947 1713 1069 1766 Ter-
1112 1772 1115 1777 ⁴
1141 1686 1439 1773 Mittitur
1462 1684 1713 1757 ardenti
1739 1686 2009 1759 Sonitus
2030 1684 2181 1757 cum
2205 1685 2509 1770 provolat
2531 1686 2687 1759 ictu.

385 1796 496 1829 ram
506 1780 745 1846 pervadit
762 1789 943 1832 tremor
961 1819 978 1845 ,
999 1781 1067 1831 al-

388 1857 495 1915 tum
503 1848 681 1900 Coelum
695 1864 948 1901 murmura
960 1862 1070 1917 per-

371 1984 493 2049 fer?
507 1981 962 2067 tempesta(Nubes
969 1987 1072 2060 ple:-

388 2058 465 2104 na'
485 2051 832 2124 Tempestatzs)
855 2052 1071 2125 concuſja

387 2131 455 2174 tr
475 2125 674 2188 emit,
713 2123 783 2192 {9'
816 2140 1072 2176 murmura

387 2191 618 2242 oriuntur
634 2209 651 2241 .·
666 2191 789 2261 ‚Qua
803 2194 859 2249 de
875 2192 1073 2256 concus-

1186 1804 1190 1813 ·
1230 1775 1340 1849 Est
1360 1777 1558 1847 etiam
1585 1775 1735 1848 cum
1759 1776 1862 1845 vis
1882 1770 2285 1848 extrinsecus
2304 1775 2505 1847 incita
2529 1776 2765 1855 Venti,

1140 1866 1378 1939 Incidit
1402 1868 1469 1938 in
1491 1865 1774 1938 validam
1800 1883 2065 1940 maturo
2088 1860 2366 1935 fulmine
2390 1865 2462 1935 N
2465 1865 2663 1937 ubem
2689 1893 2709 1935 ε
2769 1888 2905 1959 295

1142 1959 1367 2045 Qam
1393 1958 1546 2033 cum
1575 1952 1897 2041 perscidit,
1939 1954 2273 2043 extemplo
2294 1954 2467 2023 cadit
2492 1954 2726 2042 igneus
2751 1958 2858 2028 ille

1144 2045 1630 2130 Vortex‚·quod
1652 2044 1861 2131 patrio
1885 2045 2250 2121 vocitamus
2273 2045 2543 2113 nomine
2564 2045 2872 2123 Fulmen.

1144 2134 1294 2208 Hoc
1310 2133 1388 2208 fit
1405 2135 1582 2211 idem
1605 2135 1672 2203 in
1697 2136 1930 2221 parteis
1951 2135 2106 2209 alias
2126 2184 2148 2217 ,
2185 2157 2584 2221 quocunque
2603 2138 2758 2211 tulit
2779 2140 2899 2215 vis,

368 2257 511 2326 stone
522 2259 759 2328 sequitur
770 2266 950 2327 gravis
978 2261 1048 2322 ⁴&
1064 2254 1253 2329 copiqsa
1269 2260 1465 2323 Pluvia
1481 2299 1498 2325 ,
1554 2261 1631 2312 ita
1654 2268 1712 2319 ut
1745 2267 1875 2314 totus
1897 2258 2076 2314 AEther
2095 2260 2149 2310 in
2169 2259 2402 2325 pluviam
2420 2258 2607 2322 rerlvi
2623 2263 2867 2319 videatur
2883 2301 2901 2328 ‚

295 2386 299 2389 .
383 2329 691 2411 praecepsque
713 2330 885 2383 cadens
905 2330 1179 2392 ,Diluvium
1197 2331 1399 2385 minari.

1481 2330 1611 2391 Tam
1636 2330 1805 2394 ingens
1827 2325 1897 2389 &
1916 2327 2178 2386 horrendus
2194 2327 2388 2394 Fragor
2414 2329 2510 2387 unzi
2532 2347 2642 2381 cum
2671 2331 2905 2388 Fulmine

389 2399 678 2460 emittetur?
699 2400 853 2459 Nube
869 2400 899 2452 ὰ
923 2400 1082 2455 Vento
1104 2398 1290 2462 incluso
1298 2408 1556 2475 perrupta.
1620 2398 1770 2458 Fieri
1781 2398 1932 2453 etiam
1941 2396 2096 2464 potest
2110 2434 2128 2461 ‚
2148 2406 2206 2447 ut
2223 2398 2477 2450 vehemens
2498 2399 2557 2452 V
2551 2409 2693 2451 entus
2715 2404 2906 2453 extrin-

377 2465 523 2528 ficus
537 2469 729 2527 incidet
743 2470 797 2519 in
809 2470 1014 2523 Nubem
1029 2467 1243 2539 densam,
1267 2470 1320 2519 in
1337 2485 1434 2537 qua
1451 2468 1662 2528 Fulmen
1678 2464 1743 2530 est
1745 2467 1860 2529 jam
1857 2465 2149 2527 formatum
2166 2464 2235 2526 θ’
2242 2465 2534 2532 perfidum,
2553 2471 2904 2534 quamNubem

391 2535 513 2595 cum,
526 2535 718 2589 Ventus
736 2536 817 2588 iae
830 2539 1114 2605 perruperit
1128 2576 1145 2602 ,
1173 2537 1354 2603 statim
1372 2536 1510 2594 cadit
1523 2535 1708 2601 Igneus
1727 2533 1808 2592 ille
1830 2533 1889 2587 V
1882 2543 2023 2590 ortex
2039 2573 2056 2599 ,
2127 2534 2219 2591 uod
2239 2550 2322 2587 nos
2337 2534 2518 2588 Latini
2536 2536 2762 2591 Fulmen
2781 2540 2910 2594 dicia

388 2620 512 2657 mus.
549 2604 763 2659 Fulmen
776 2615 939 2660 autem
954 2608 1009 2659 in
1032 2607 1158 2666 hanc
1172 2606 1260 2665 vel
1271 2607 1325 2657 in
1339 2603 1476 2659 issam
1484 2613 1680 2671 partem
1699 2603 1913 2670 erumpit
1929 2612 2077 2671 prout
2130 2611 2315 2670 inpetus
2333 2604 2627 2660 determinat
2646 2623 2665 2658 .·

1483 2690 1809 2752 Nora·

389 2768 422 2811 'A
464 2768 578 2823 278·
606 2757 725 2826 Ipse
742 2758 842 2823 sua
869 2760 1032 2826 num]
1077 2761 1224 2826 Alis,
1264 2759 1381 2829 Ipse
1396 2758 1576 2825 suapte
1596 2796 1613 2822 ,

389 2825 580 2900 melius
596 2826 770 2881 forsan
786 2867 802 2893 ‚
826 2847 931 2882 non
954 2830 1093 2882 enim
1111 2831 1282 2905 placet
1302 2830 1447 2892 vocis
1470 2827 1614 2888 istius

392 2913 506 2949 nam
525 2898 754 2962 repetitae
773 2894 944 2959 sonus.
1246 2943 1249 2950 .

395 3019 405 3028 ,
461 2979 578 3030 279.
615 2966 974 3033 contagibus.]
1017 2967 1249 3032 Coniuges
1276 2964 1405 3026 alibi
1424 2964 1617 3017 Lucre-

391 3031 496 3085 tius
514 3070 531 3097 ‚
558 3034 666 3086 viz.
688 3034 783 3088 lib.
809 3034 912 3090 111.
933 3052 987 3092 v,
1009 3049 1131 3102 472,
1157 3048 1278 3101 735,
1308 3048 1428 3107 741.
1453 3033 1507 3094 id
1523 3031 1612 3096 est,

394 3100 664 3155 Conta6tu.
1167 3105 1172 3109 '
1348 3155 1355 3160 .
1555 3157 1562 3163 .

398 3169 409 3231 ζ
462 3173 583 3227 286.
613 3168 924 3236 Pertentat]
968 3172 1110 3238 Saepe
1124 3169 1380 3238 Virgilius
1397 3209 1414 3237 ‚
1463 3172 1467 3175 ’

395 3238 405 3298 j
463 3237 648 3299 Nonne
692 3240 836 3298 vides
884 3249 940 3296 ut
986 3249 1092 3301 tota
1132 3248 1316 3300 tremor
1356 3246 1616 3317 pertentet

595 3303 849 3373 Eq'uorum
1112 3343 1118 3348 ·
1352 3365 1359 3368 ,

462 3374 679 3494 Ξῖνέιῖζί
686 3382 851 3511 {rima
870 3446 970 3497 lues
984 3419 1082 3497 udo
1083 3443 1318 3515 sublapsa
1337 3463 1523 3506 veneno,

466 3510 731 3567 Pertentat
754 3512 932 3575 Sensus
949 3551 967 3576 ‚
1002 3515 1105 3567 &c-

264 3619 273 3624 ·
348 3614 367 3640 κ
396 3645 411 3654 ‚
467 3607 583 3657 291.
605 3594 772 3659 Atque
791 3594 868 3644 ita
880 3592 1246 3660 praecipitans.]
1286 3596 1544 3654 Mendum
1561 3595 1615 3645 in

394 3659 495 3713 hoc
510 3658 661 3714 versu
677 3660 776 3714 effe
791 3660 1014 3714 arbitror
1033 3699 1050 3726 ,
1074 3679 1242 3730 neque
1263 3663 1373 3727 Tu,
1396 3665 1582 3718 Lector
1597 3702 1615 3729 ‚

396 3726 639 3783 aliorsum
654 3728 773 3796 ibis,
797 3728 836 3783 fi
850 3745 1051 3782 mecum
1069 3729 1227 3784 otiose
1245 3733 1297 3784 δε
1317 3731 1514 3797 placide
1541 3730 1617 3790 se·
1699 3779 1700 3782 ,

395 3798 525 3849 riem
562 3799 844 3856 verborum
877 3795 1105 3865 ipsorum
1141 3801 1422 3853 attenderis
1469 3800 1493 3865 [
1515 3802 1619 3855 A'e'r

393 3867 602 3922 videtur
620 3868 674 3918 in
696 3868 915 3920 Imbrem
934 3869 1092 3932 verti,
1115 3867 1184 3932 69³
1204 3868 1266 3918 ad
1280 3867 1524 3928 diluviem
1542 3889 1618 3922 re-

395 3935 602 4000 vocare]
620 3936 772 3988 Nihil
793 3934 947 3996 sentis
964 3935 990 3989 ’ἰ
1006 3945 1212 4003 poteras
1231 3945 1402 3990 tamen
1421 3954 1435 3989 z
1480 3939 1618 4001 Quid

398 4003 537 4062 enim
557 4003 584 4056 ἐ’
622 4004 716 4058 ille
734 4005 838 4066 Aer
855 4021 987 4073 ‚quos
1011 4043 1029 4070 ‚
1066 4021 1191 4073 quas
1219 4021 1462 4059 revocare
1477 4009 1623 4060 vide-

396 4078 483 4131 tur
502 4070 528 4124 ’ἓ
568 4072 768 4140 Ecquid
789 4073 991 4134 dubitas
1009 4075 1134 4142 quin
1152 4073 1269 4128 Vox
1290 4074 1464 4141 aliqua
1483 4077 1625 4136 exci-

398 4140 533 4193 derit
550 4157 660 4208 quae
679 4142 736 4193 in
753 4149 934 4211 quarto
951 4143 1067 4198 casu
1085 4139 1209 4198 esset
1225 4144 1252 4198 ’ἰ
1288 4144 1492 4202 Deinde
1508 4182 1525 4207 ‚
1560 4145 1624 4195 ad

398 4224 552 4273 quam
571 4209 823 4264 diluviem
853 4209 879 4264 ?
917 4212 1240 4281 Ogygiamne
1260 4245 1283 4278 ‚-
1319 4229 1385 4265 an
1425 4212 1627 4265 Deuca-

396 4274 623 4329 lioneam
654 4279 681 4332 ἐ’
721 4280 1068 4343 Quamobrem
1088 4279 1118 4333 τὶ
1138 4298 1221 4337 me
1238 4298 1344 4334 non
1360 4279 1431 4335 est
1448 4288 1508 4334 ut
1528 4282 1623 4333 im·

396 4350 631 4407 petretur
652 4383 670 4411 ,
707 4349 833 4415 quin
869 4366 962 4416 pro
997 4351 1162 4419 Atque
1196 4353 1273 4404 ita
1302 4351 1626 4419 praecipitans

1683 2757 1839 2825 legio
1876 2721 2044 2810 orteat
2063 2792 2081 2819 ‚
2121 2754 2285 2824 Atque
2305 2757 2382 2816 ita
2400 2756 2612 2826 Pyrrhae
2630 2777 2716 2814 nos
2733 2775 2752 2814 .·
2796 2761 2904 2817 Eo*

1685 2833 1779 2884 rat.
1805 2825 1846 2882 li
1885 2824 1967 2879 .1.
1995 2825 2163 2880 Od.2.
2212 2828 2217 2832 ’
2335 2858 2340 2862 -

2008 2911 2216 2971 Terruit
2235 2914 2403 2970 urbem
2424 2952 2441 2979 ,

1713 3045 1716 3046 ⁷
1762 2978 1971 3035 Terruit
1979 2989 2147 3044 gentes
2163 3017 2179 3047 ,
2198 2998 2362 3046 grave
2381 3000 2440 3035 ne
2456 2983 2640 3041 rediret

1684 3047 2013 3175 Fqugeulum
2043 3047 2255 3126 Pyrrhae
2292 3067 2425 3111 nova
2462 3053 2674 3117 monstra
2714 3054 2900 3124 questa,

1684 3195 1955 3267 Ingeniose
1974 3199 2183 3268 quidem
2200 3239 2216 3266 ‚
2256 3209 2311 3257 at
2330 3210 2438 3257 tota
2453 3204 2559 3264 haee
2578 3204 2774 3260 Critica
2786 3222 2909 3274 pen-

1686 3271 1773 3323 det
1798 3265 1824 3321 ὲ
1843 3264 2156 3335 scrupulosa
2191 3271 2347 3330 nimis
2381 3273 2524 3328 vocis
2544 3272 2687 3328 istius
2704 3312 2723 3339 ,
2767 3293 2906 3329 revo-

1686 3355 1798 3390 care
1813 3376 1831 3401 ‚
1848 3336 2199 3418 acceptatione
2219 3355 2237 3399 3
2279 3340 2365 3393 cui
2386 3358 2491 3401 non
2508 3340 2655 3400 favet
2676 3341 2784 3411 ipse
2807 3346 2906 3400 Lu-

1686 3406 1908 3462 cretius:
1928 3407 2037 3471 vid.
2063 3406 2158 3467 lib.
2176 3408 2250 3463 Va
2266 3425 2320 3462 v.
2341 3414 2459 3473 256.

1756 3504 1885 3557 Pars
1915 3506 2065 3561 etiam
2077 3503 2331 3578 glebarum
2361 3505 2426 3566 ad
2454 3506 2727 3570 Diluviem
2763 3523 2910 3563 revo-

1752 3579 2028 3702 ¹Itnlaeiiizl'ttiitl..

1757 3722 1874 3777 293.
1902 3708 2194 3775 Provolah]
2213 3708 2322 3764 Alii
2339 3748 2356 3782 ⁹.
2379 3710 2645 3774 Pervolat,

1757 3817 1873 3922 2594.
1899 3800 1989 3868 Est
2006 3805 2157 3855 etiam
2173 3802 2286 3855 ciem
2311 3804 2407 3866 Vis
2425 3845 2442 3873 ‚
2468 3805 2618 3880 &rx-J
2639 3807 2695 3864 Si
2714 3807 2908 3865 Ventus

1685 3872 1771 3930 inc
1795 3868 1915 3924 usus
1952 3871 2159 3934 Nubem
2200 3888 2539 3943 perrumpere
2569 3892 2678 3931 non
2704 3877 2905 3942 valeat,

1691 3940 1722 3992 ὲ
1749 3940 1922 3994 Vento
1954 3938 2273 3999 extrinsecus
2320 3944 2640 4011 impingente
2679 3946 2909 4009 adjuvari

1692 4005 1840 4075 possit
1861 4046 1878 4072 ,
1903 4025 2211 4077 quocunque
2230 4018 2403 4070 autem
2418 4014 2570 4065 modo
2590 4014 2758 4072 dirum
2795 4021 2910 4068 atur

1693 4075 1873 4136 Nubes
1888 4084 2148 4131 maturum
2167 4076 2370 4140 fulmen
2386 4083 2590 4136 excidat
2605 4098 2730 4136 nece
2771 4097 2800 4136 e
2819 4080 2906 4149 est,

1694 4162 1747 4198 v.
1774 4159 1822 4208 5.
2413 4195 2416 4200 .
2817 4201 2824 4206 .

1764 4217 1883 4277 296.
1904 4212 2087 4280 Igneus
2109 4214 2170 4268 V
2162 4225 2320 4268 ortex.
2341 4215 2368 4281 J
2403 4218 2602 4273 Vortex
2620 4216 2646 4273 ὲ
2664 4217 2815 4273 Nube
2837 4215 2913 4272 ef·

1694 4279 1902 4348 fugiens
1938 4282 2044 4337 fine
2080 4284 2209 4351 Igne
2248 4286 2449 4353 Typhon
2487 4296 2703 4343 vocatur
2722 4325 2739 4354 ,
2809 4303 2911 4341 nou

1694 4351 1924 4404 Fulmen.
1962 4352 2167 4407 Plinius
2187 4390 2205 4419 ,
2237 4354 2332 4407 lib.
2355 4356 2432 4410 11.
2456 4360 2568 4424 cap.
2587 4368 2674 4423 48.

2766 4473 2772 4478 -
2807 4425 2905 4495 Fit
