3064 4747
806 173 870 255 L
921 173 1172 264 IBE
1223 171 1465 253 R·2T
1520 170 1580 254 E
1630 173 1699 254 R
1749 175 2031 260 T··I'U
2084 176 2150 256 S.

167 317 420 394 Omnia
443 316 598 390 cum
616 314 776 389 belli
799 318 1059 407 trepido
1082 316 1385 392 conculsa
1407 320 1709 392 tumultu

165 409 455 482 Horrida
476 427 935 481 contremuere
957 405 1079 481 sub
1111 409 1259 480 altis
1293 407 1558 480 aetheris
1578 410 1757 481 auris
1779 436 1800 480 ε

164 500 237 571 In
258 498 601 585 dubioque
618 494 751 570 suit
772 496 893 572 sub
918 516 1225 570 utrorum
1256 522 1457 587 regna
1477 499 1850 571 cadendum

165 588 509 660 Omnibus
528 586 839 659 humanis
863 585 1014 659 esset
1033 636 1054 667 ‚
1088 607 1390 673 terraque
1418 590 1755 677 marique:

166 678 396 751 Sicubi
418 678 1152 763 non,erimus‚cumCor
1200 679 1775 766 oris‚atq;Anima'i
1805 692 1937 768 850

164 765 533 838 Discidium
558 764 758 838 fuerit
775 818 798 852 ,
828 767 1069 854 quibus
1090 768 1127 838 e
1179 791 1379 839 umus
1403 770 1627 840 uniter
1644 770 1820 857 apti,

2546 208 2696 282 *175

2010 316 2317 391 lac-*efferente
2344 324 2458 378 ciem
2473 337 2611 383 totm
2621 350 2707 385 or-

1960 415 1963 420 ·
2010 391 2081 441 bic
2113 391 2303 458 trepido
2338 394 2452 447 belli
2480 402 2702 456 tumultu

1999 457 2325 521 jaiiatmsub
2341 464 2454 515 coelo
2471 473 2700 533 tremuits

2013 525 2082 588 Εἴ
2120 530 2176 580 in
2205 530 2350 583 dubio
2366 533 2492 595 fuit
2533 540 2704 593 utrius

2002 597 2174 663 populi
2222 600 2430 665 imperio
2490 604 2650 660 Terra
2678 647 2700 678 ‚

2006 664 2092 717 M
2085 683 2185 730 are,
2211 683 2370 720 omnes
2382 669 2704 740 deniqueHu·

2007 750 2164 786 manae
2192 752 2268 786 res
2283 736 2655 799 subjicerentur
2680 763 2703 808 r

2010 801 2100 854 Sic
2123 804 2312 870 quando
2342 823 2437 858 non
2473 813 2699 882 erimm‘‚
2776 849 2787 862 .

165 858 418 931 Scilicet
455 854 635 928 haud
651 856 880 929 ,Nobis
923 858 1275 946 quicquam
1299 907 1323 940 ,
1381 860 1495 946 qui
1524 883 1667 932 non
1690 859 1937 931 erimus
2010 870 2122 922 ciem
2142 873 2362 939 eorporis
2384 875 2698 950 &Animae‚
2748 928 2762 939 ,

429 964 580 1017 tum
600 996 624 1031 ,

164 1035 471 1109 Accidere
494 1035 771 1106 omnino
791 1036 1034 1123 poterit
1054 1085 1077 1121 ‚
1101 1019 1497 1123 sensumque
1523 1060 1843 1110 movere:

160 1127 231 1199 N
232 1150 319 1197 ou
344 1124 394 1196 si
416 1147 591 1197 terra
611 1126 774 1195 mari
808 1122 1187 1197 miscebitur
1209 1176 1230 1206 ,
1266 1129 1331 1202 &
1360 1150 1540 1197 mare
1560 1128 1748 1199 coelo.

2011 937 2234 1006 equibus
2269 944 2541 1005 conjunclis
2572 967 2703 1003 com-

2003 1006 2149 1074 positi
2163 1007 2361 1076 sumus,
2371 1013 2547 1076 fuerit
2552 1019 2704 1086 sepa-

2007 1078 2325 1143 rati0‚'nihil‚
2348 1081 2554 1150 inquam
2573 1124 2590 1152 ,
2615 1106 2703 1139 no..

2008 1145 2079 1196 ba
2094 1182 2111 1205 ,
2134 1147 2343 1213 quitum
2365 1167 2458 1201 non
2475 1156 2660 1210 erimus
2678 1196 2698 1226 ,

232 1213 380 1287 Etfi
401 1217 531 1300 iarn
552 1214 777 1285 nostro
791 1210 986 1287 sentit
1000 1214 1412 1303 decerpere.
1430 1216 1776 1304 postquam
1806 1231 1892 1307 85
1895 1239 1936 1307 5
2001 1217 2189 1282 P⁰⁶er²⁹t
2215 1217 2466 1286 accidere,
2502 1222 2700 1287 &fim-

163 1304 486 1377 Distradta
506 1304 581 1375 ’st
601 1304 824 1375 Animi
847 1323 1102 1391 natura,
1127 1307 1519 1393 Animaeque
1545 1307 1863 1395 potestas:

163 1396 280 1467 Nil
297 1416 531 1467 tamen
552 1392 681 1465 hoc
702 1394 783 1463 ad
806 1394 958 1467 Nos
976 1444 1001 1480 ‚
1027 1396 1140 1481 qui
1167 1416 1344 1467 coetu
1366 1446 1385 1476 ,
1420 1398 1864 1486 conjugioque

166 1485 510 1573 Corpori&
535 1504 733 1571 atque
754 1484 1012 1554 Animae
1036 1483 1449 1557 conlistimus
1466 1487 1688 1558 uniter
1711 1488 1866 1577 apti.

164 1573 347 1660 Nec‚'
377 1571 427 1645 fi
460 1574 801 1645 materiam
825 1572 1115 1645 nostram
1141 1576 1498 1663 conlegerit
1527 1596 1688 1648 aetas

166 1662 311 1735 Post
332 1664 601 1736 obitum
622 1713 647 1750 ,
696 1661 1090 1753 rursumque
1111 1665 1436 1754 redegerit
1451 1716 1477 1752 ‚
1517 1684 1597 1738 ut
1615 1664 1733 1738 fita
1757 1687 1965 1737 nunc:

433 1752 571 1833 est3

159 1841 374 1929 Atque
399 1844 648 1915 iterum
675 1842 896 1915 Nobis
927 1840 1179 1915 fuerint
1198 1840 1349 1914 data
1372 1842 1627 1929 lumina
1661 1846 1815 1917 vitae
1839 1898 1859 1928 ‚

165 1932 493 2005 Pertineat
508 1934 791 2021 quicqua
807 1953 1029 2004 tamen
1045 1933 1201 2006 adN
1206 1957 1280 2004 os
1299 1934 1363 2005 id
1382 1959 1646 2022 quoque
1664 1933 1932 2019 factum,

167 2021 535 2110 Interrupta
558 2019 756 2094 semel
778 2023 932 2096 cum
956 2021 1036 2095 fit
1055 2024 1414 2111 repetentia
1438 2024 1677 2104 nostra.

167 2111 246 2182 Et
263 2137 449 2184 nunc
480 2114 579 2183 nil
599 2114 680 2183 ad
705 2114 858 2185 Nos
878 2114 959 2184 de
978 2113 1174 2185 nobis
1198 2114 1436 2184 attinet
1451 2165 1474 2199 ,
1505 2116 1659 2189 ante

1992 1281 2113 1347 sum
2131 1282 2340 1351 afficere,
2362 1288 2524 1342 Nihil
2530 1293 2701 1360 profe·

2008 1348 2165 1418 eichst
2182 1353 2339 1407 Terra
2355 1356 2514 1412 Mari
2527 1362 2703 1424 misce-

2007 1420 2163 1486 bitur,
2186 1421 2562 1483 &Ca-loMare.
2585 1429 2701 1485 Ima

1982 1513 1983 1518 =
1988 1488 2048 1556 st
2055 1489 2242 1545 Anima
2254 1492 2434 1560 nostra,
2445 1497 2701 1568 postquam

2008 1558 2038 1610 ιὶ
2060 1560 2262 1627 Corpore
2265 1562 2530 1629 separetur
2549 1606 2566 1632 ‚
2581 1568 2702 1632 fen-

2007 1628 2108 1678 'tiat
2127 1666 2144 1693 ‚
2187 1628 2300 1684 Hoc
2315 1640 2478 1685 tamen
2493 1637 2624 1690 nihil
2635 1638 2702 1692 ad

2008 1696 2121 1749 Nos
2138 1734 2154 1762 ,
2177 1701 2266 1766 qui
2283 1699 2307 1751 ὲ
2329 1703 2530 1769 Corpore
2548 1716 2698 1775 atque

2007 1764 2193 1817 Anima
2225 1769 2495 1832 conjuncta
2517 1772 2701 1835 summ

2009 1834 2272 1901 compositi.
2344 1839 2463 1892 Nec
2491 1842 2553 1910 fi
2591 1843 2700 1912 post

2007 1913 2213 1955 mortem
2231 1909 2496 1971 particulae
2538 1931 2700 1967 omnes

1998 1969 2267 2039 'aliquando
2285 1975 2489 2029 collec‘tae
2507 2018 2524 2045 ,
2557 1981 2626 2043 Εἴ
2639 1983 2697 2034 in

1886 2095 1891 2102 .
2008 2041 2208 2092 eundem
2224 2043 2443 2096 ordinem
2466 2085 2483 2113 ‚
2527 2052 2581 2101 in
2605 2068 2700 2118 quo

2006 2110 2270 2170 nuncsunt
2294 2150 2312 2177 ,
2360 2115 2567 2169 redactae
2578 2120 2700 2183 fue-

1937 2178 1940 2182 ’
2006 2178 2132 2243 rint,
2153 2178 2222 2240 ἐρ’
2234 2183 2350 2233 vita
2366 2186 2498 2237 nobis
2515 2189 2701 2239 iterum

1806 1770 1940 1841 860

172 2203 302 2290 Qi
321 2201 733 2290 fuimu8‚nec
751 2204 885 2293 jam
905 2204 985 2275 de
1005 2204 1131 2275 illis
1153 2191 1305 2300 Nos
1324 2201 1529 2282 afficit
1547 2228 1779 2296 angor,
1805 2216 1933 2295 865
2009 2248 2378 2315 concederetur,
2416 2253 2469 2311 id
2501 2257 2700 2322 quidem

1817 2320 1938 2366 UOS
2011 2316 2073 2367 ad
2102 2334 2186 2368 nos
2217 2317 2410 2372 omnim)
2435 2326 2656 2390 pertinet
2672 2342 2697 2389 ,-

2014 2388 2127 2440 ciam
2144 2385 2440 2444 Recordatio
2453 2392 2613 2455 nostra
2614 2394 2663 2455 s
2651 2412 2703 2447 e-

171 2450 429 2515 melfuerit
440 2455 745 2522 interrupta.
788 2442 863 2506 Et
878 2469 1011 2506 nunc·
1026 2452 1223 2522 quidem
1237 2454 1332 2506 non
1340 2450 1726 2518 fhlicitisumus
1741 2454 1800 2508 de
1813 2457 1876 2509 iit
1890 2458 1980 2527 qui
1999 2457 2116 2535 olim
2114 2457 2323 2522 fuimm
2339 2475 2363 2519 ,·
2383 2461 2701 2539 nequeAnxii

170 2519 314 2574 «leia

1260 2590 1588 2646 No‘rn..

172 2698 301 2755 bella'
332 2719 439 2758 non
457 2701 755 2758 *turbarunt
772 2739 790 2767 ‚
840 2688 912 2757 {ic
936 2702 1095 2758 etiam
1121 2710 1356 2758 mortuos
1380 2730 1416 2771 ‚·
1449 2697 1667 2774 Aptior,
1685 2678 1729 2758 is
1782 2697 1840 2758 ui
1858 2680 2208 2760 convenienter
2222 2688 2696 2779 alicuijum‘larss.

173 2768 407 2890 {uoniam
439 2773 634 2826 Anima
665 2767 805 2839 :eque
846 2788 907 2824 ac
944 2772 1143 2838 Corpus
1175 2773 1396 2840 interit,
1470 2773 1750 2849 Catullus,
1821 2790 1873 2840 p.
1898 2785 1982 2840 38.

218 2839 313 2893 ella
331 2879 349 2906 ‚
406 2842 701 2896 Tumultus
735 2839 884 2893 nulla
924 2837 1254 2894 solicitudine
1289 2836 1400 2895 affi-

177 2906 318 2963 cient.
357 2911 439 2964 M.
460 2909 615 2963 Tull.
651 2908 747 2963 lib.
769 2909 815 2962 1.
837 2906 1057 2963 Tuscul.
1082 2908 1264 2972 Quaest.
1285 2910 1401 2979 ,Qui

1536 2844 1683 2910 Aptis
1695 2841 1970 2905 sareinultir
1994 2840 2064 2904 ἐξ
2087 2844 2342 2910 expedita.

1492 2971 1499 2978 ,
1540 2921 1658 2977 855.
1688 2909 1820 2977 Etfi
1823 2913 1937 2976 jam
1959 2911 2117 2977 nostro
2125 2912 2290 2977 sentit
2307 2951 2324 2979 ,
2351 2912 2452 2968 Sco.
2477 2914 2500 2981 ]
2537 2912 2701 2972 Dein..

178 2977 296 3027 enim
306 2976 433 3040 satis
474 2979 671 3030 viderit
697 2978 751 3031 id
770 2977 915 3108 Juod
936 2976 1001 3043 cst
1035 2978 1140 3029 luce
1175 2978 1363 3032 clarius
1379 3019 1395 3045 ‚
1469 2980 1550 3045 de,
1575 2996 1629 3035 v.
1654 2996 1734 3046 19.
1760 2981 1866 3034 haec
1883 2980 2042 3035 addit.
2097 2981 2238 3045 Quin
2258 2984 2415 3037 etiam
2436 2984 2562 3039 licet
2581 2979 2702 3056 sup-

177 3042 347 3096 Animo
381 3047 451 3108 ἐρ’
470 3047 674 3113 Corpore
694 3064 782 3098 con
806 3056 973 3114 umpto
991 3084 1009 3112 ‚
1053 3054 1249 3115 totoque
1272 3048 1399 3100 Ani-

179 3123 328 3166 munte
357 3116 511 3169 deleto
536 3114 606 3176 89'
623 3114 773 3180 fat'io
793 3117 1005 3168 interitu
1038 3114 1275 3178 universo
1290 3154 1307 3182 ‚
1345 3117 1398 3168 id

180 3179 371 3235 Animal
386 3183 893 3252 quodfueritfaeium
910 3179 995 3253 effi
1012 3183 1145 3236 nihil
1157 3202 1179 3245 ,·
1201 3185 1243 3237 ἡ
1252 3185 1397 3252 plani

175 3250 425 3316 perspiciet
442 3291 460 3318 ‚
494 3255 628 3305 inter
644 3251 1100 3320 Hippocentaurum
1115 3289 1133 3317 ‚
1168 3254 1257 3321 qui
1272 3271 1395 3306 nun-

181 3330 314 3380 quam
317 3322 495 3385 fuerit
514 3360 531 3386 ‚
550 3320 619 3383 &³
633 3321 818 3387 Regem
832 3321 1242 3387 Agamemnonem
1261 3360 1278 3386 ‚
1301 3325 1397 3394 qui

170 3383 276 3445 fuit
293 3426 308 3453 ,
326 3391 456 3442 nihil
471 3385 687 3460 intereffie
704 3407 722 3441 .·
766 3392 884 3443 Nec
905 3392 1066 3458 pluris
1081 3389 1397 3454 nuncfacere

182 3450 265 3506 M.
289 3459 542 3511 Camillum
558 3462 648 3512 hoc
667 3460 825 3511 civile
843 3459 1018 3512 bellum
1033 3459 1183 3527 quam
1199 3459 1282 3511 illo
1310 3461 1397 3512 vi·

181 3537 242 3569 vo
256 3523 357 3591 Ego
361 3528 580 3592 fecerim
604 3527 814 3581 Romam
831 3545 892 3579 ca·
921 3538 1041 3580 tam.
1065 3586 1068 3589 ,
1097 3531 1317 3600 Συνέθιζε
1347 3525 1394 3587 δὲ

184 3593 373 3678 σξαυτόν
404 3599 447 3656 ἐν
475 3597 553 3672 τῷ
567 3602 770 3669 νομίζειν
798 3621 869 3664 μη
901 3603 946 3656 ἐν
973 3594 1098 3671 oreis}
1120 3596 1259 3666 ἡμεῖς
1278 3594 1393 3656 εἶναι

182 3679 258 3742 {ov
271 3662 473 3725 θοίναν-ον
488 3707 506 3733 ,
544 3667 647 3724 ἐπεὶ
675 3667 786 3724 πόἷν
816 3664 1012 3732 οέγοιθόν
1027 3676 1075 3740 ²9
1089 3663 1250 3724 κακόν
1270 3668 1313 3725 ἐν
1328 3668 1395 3741 τῇ

185 3730 389 3793 αι’-*θήσει
405 3772 420 3794 ς
462 3737 647 3809 §feno-15
660 3731 709 3793 δὲ
737 3731 834 3801 ’ές-ιν
868 3731 1139 3812 αἰοθῂσεως
1184 3734 1211 3793 o‘
1240 3735 1394 3794 θοίνα-

184 3798 313 3864 Q,
332 3798 436 3867 ἕθεν,
456 3806 636 3870 γνῶσις
655 3803 764 3877 ὅρθῖἷ
777 3801 925 3870 μηδὲν
956 3811 1073 3862 εἶναι
1101 3800 1223 3882 aspri:
1252 3804 1394 3872 ἧμὸἷς

185 3860 261 3919 τὸν
275 3869 491 3931 θοίνας-ον.
532 3872 794 3939 Epicurus
810 3871 946 3940 apud
966 3872 1250 3924 Laertium.

248 3943 354 4002 847.
381 3940 592 4006 Auria]
629 3941 739 3994 Alii
776 3942 886 3993 Oris
902 3959 919 3992 .·
956 3938 1253 4006 sequentem
1275 3957 1393 3996 ver·

186 3993 286 4054 sum
298 4008 426 4062 recte
447 4011 611 4064 edidit
630 4010 904 4071 Lambinus
920 4046 937 4074 ,
959 4008 1085 4062 licet
1103 4008 1262 4063 Codd.

247 4069 308 4123 In
328 4076 559 4146 dubioque
576 4079 727 4133 fuere
744 4089 973 4131 utrorum
991 4077 1056 4129 ad
1078 4091 1246 4143 regna.

188 4128 322 4194 Unde
349 4145 587 4202 Gifanius
610 4185 627 4212 ‚

246 4206 307 4259 In
328 4214 562 4284 dubioque
582 4216 758 4270 fueret
776 4207 1005 4267 utrorum
1025 4213 1105 4267 ad.

1467 3056 1689 3116 ponatur
1709 3078 1726 3115 9
1746 3049 1989 3102 Animam
2004 3047 2252 3104 secretam
2271 3050 2468 3120 aliquid
2486 3051 2697 3123 sentire,

1466 3118 1604 3170 nihil
1621 3117 1719 3171 hoc
1739 3117 1804 3170 ad
1822 3118 1933 3171 Nos
1952 3114 2146 3185 spestat
2168 3157 2185 3184 ‚
2206 3120 2295 3187 qui
2317 3136 2425 3173 non
2447 3118 2554 3175 sola
2571 3124 2701 3178 Ani-

1466 3204 1550 3238 ma
1567 3225 1584 3251 ‚
1630 3183 1713 3239 sed
1753 3187 2017 3255 quidpiam
2055 3203 2121 3240 ex
2159 3188 2385 3254 Corpore
2416 3192 2468 3244 Sc
2509 3191 2700 3249 Anima

1466 3252 1802 3320 compositum
1822 3251 2014 3308 sumus.
2072 3255 2186 3320 Iino
2209 3254 2528 3324 supponatur
2549 3299 2566 3325 ‚
2586 3262 2699 3325 Nos

1466 3320 1670 3376 eosdem
1690 3361 1708 3388 ,
1734 3325 1826 3390 qui
1846 3325 1954 3388 jam
1976 3324 2240 3378 existimus
2257 3364 2274 3390 ‚
2299 3327 2593 3390 redituros3
2631 3330 2699 3383 ob

1465 3391 1638 3445 varios
1661 3428 1679 3456 ‚
1706 3393 1813 3446 viz.
1858 3399 2030 3446 motus
2073 3392 2448 3463 concursusque
2487 3397 2701 3452 Atomo-

1467 3474 1586 3513 rum
1622 3476 1748 3528 quas
1783 3460 1846 3513 ad
1887 3461 2026 3513 idem
2058 3461 2258 3529 Corpus
2297 3461 2475 3518 rursus
2516 3467 2703 3522 consti-

1466 3528 1720 3581 tuendum
1736 3529 1929 3581 iterum
1949 3530 2065 3596 cogi
2087 3531 2220 3583 nihil
2239 3549 2367 3599 repu
2443 3541 2525 3588 et:
2545 3535 2702 3590 Nihil

1464 3604 1637 3649 tamen
1653 3593 1741 3650 seu
1760 3597 1891 3662 Nos,
1915 3598 2007 3665 qui
2023 3599 2130 3662 jam
2154 3596 2348 3665 summ,
2392 3618 2456 3656 eu
2479 3605 2567 3671 qui
2585 3612 2701 3658 tum

1463 3664 1658 3718 erimtts
1678 3703 1696 3730 ,
1725 3665 1983 3719 attinebit.
2048 3667 2497 3731 Quemadmodum
2517 3673 2701 3726 viven-

1464 3741 1541 3786 tes
1577 3730 1682 3797 jam
1712 3733 1851 3787 nihil
1882 3733 2070 3788 soliciti
2103 3733 2278 3790 sumus
2301 3746 2392 3791 aut
2427 3741 2489 3793 de
2506 3740 2572 3793 iis
2608 3743 2700 3809 qui

1464 3801 1591 3854 olim
1609 3801 1869 3855 fuerimus
1888 3840 1906 3867 ‚
1945 3810 2034 3856 aut
2056 3801 2119 3858 de
2149 3806 2214 3859 iis
2239 3807 2330 3874 qui
2350 3808 2477 3859 olim
2524 3806 2700 3864 sumus

1461 3869 1633 3923 futuri
1655 3888 1668 3922 ι
1702 3871 1766 3924 Id
1787 3872 2068 3941 nimirum,
2093 3875 2214 3943 quia
2230 3874 2381 3928 nobis
2399 3873 2655 3930 diffolutis
2676 3914 2696 3945 ,

1463 3952 1521 3991 ea
1541 3935 1605 3992 fit
1623 3940 1834 3992 extandi
1855 3937 2168 4008 interruptio
2193 3982 2209 4008 ‚
2244 3943 2355 4011 post
2372 3960 2526 4011 quam
2549 3946 2700 4002 nulla

1434 4020 1438 4024 ’
1460 4008 1713 4061 memoria
1733 4009 1878 4075 viget
1897 4008 2053 4063 status
2070 4012 2187 4075 ejus
2202 4013 2257 4063 in
2281 4028 2382 4091 quo
2401 4012 2661 4068 fuerimus
2678 4054 2698 4082 ‚

1461 4083 1521 4129 ut
1548 4092 1716 4146 neque
1751 4078 1858 4141 jam
1893 4077 2006 4131 ulla
2042 4078 2306 4147 praesensio
2340 4080 2489 4135 illius
2515 4080 2572 4135 in
2592 4099 2698 4152 quo

1460 4143 1629 4199 futuri
1650 4142 1843 4198 sumus.

1531 4224 1649 4279 859.
1671 4214 1962 4267 Materiam
1979 4213 2207 4279 nostram.
2225 4214 2250 4281 ]
2278 4213 2367 4270 seu
2388 4217 2575 4284 Nostri
2591 4257 2609 4284 ,
2633 4228 2700 4278 ut

249 4284 356 4340 851.
402 4284 580 4339 Uniter
601 4282 755 4352 apti.]
785 4282 964 4337 Festus
982 4321 1000 4348 ,
1021 4280 1391 4351 Comprehende—
1463 4282 1515 4341 δε
1538 4282 1594 4334 in
1612 4299 1666 4335 v.
1693 4286 1810 4341 866.
1839 4281 1982 4350 legas
2005 4321 2022 4348 ‚
2051 4279 2266 4351 perinde
2293 4284 2380 4339 est.

188 4353 235 4389 re
266 4348 459 4408 vincalo
501 4355 701 4423 antiqui
733 4354 903 4421 Apere
939 4353 1167 4406 dicebant
1182 4389 1201 4418 ,
1250 4350 1390 4405 unde

759 4476 790 4547 l»

1532 4354 1650 4419 863.
1675 4349 1971 4419 Repetentia
1986 4347 2213 4418 nolim]
2256 4355 2472 4423 optima
2488 4355 2700 4438 Lambif

2635 4441 2695 4479 m

2754 4570 2875 4639 f
