3064 4747
684 176 1170 257 LIBER
1273 176 2183 257 SECUNDUS.

136 327 451 413 Corpora
477 324 691 411 prima
707 375 732 413 ‚
783 326 969 422 quod
994 326 1061 395 in
1088 322 1365 396 summis
1384 324 1644 397 fluitare
1667 327 1846 398 vide-

417 439 569 485 mUS

137 505 374 580 Rebus
394 555 418 589 ‚
478 507 542 576 &
570 504 905 575 interdurn
924 500 1099 574 nasci
1126 554 1148 588 ‚
1201 499 1551 592 subitoque
1580 506 1791 592 perire
1813 504 1872 594 ε)

138 598 331 683 Qin
372 596 575 668 etiam
606 592 807 665 refert
828 592 1064 665 nostris
1090 596 1157 664 in
1184 591 1499 665 Versibus
1531 593 1682 681 ipfis
1706 646 1729 681 ,
1869 602 1878 611 '

140 687 316 756 Cum
340 685 595 772 quibus
621 734 643 768 ‚
681 687 745 755 &
770 685 948 770 quali
972 682 1102 754 fint
1124 683 1359 754 ordine
1378 685 1655 771 q‘uaeque
1676 687 1903 756 locata.

139 776 459 862 Namque
485 774 714 854 eadem
745 775 1054 859 Coelum,
1107 776 1300 846 Mare
1319 825 1343 859 ‚
1388 776 1664 861 Terras,
1717 776 1867 847 Flu-

413 865 640 962 minat,
696 865 913 937 Solem

138 952 575 1042 Significant:
617 955 859 1030 ‘eadem
879 954 1170 1041 Fruges,
1223 919 1546 1033 Arbusta,
1596 954 1916 1025 Animan-

411 1044 535 1116 teis
558 1070 575 1113 1

135 1133 369 1206 Sinon
393 1134 626 1206 omnia
653 1130 783 1204 sint
801 1182 823 1218 ‚
854 1151 923 1204 at
944 1134 1155 1203 multo
1179 1115 1467 1203 maxima
1491 1157 1639 1220 pars
1661 1132 1752 1203 est

132 1220 566 1294 Consimilis:
597 1223 874 1298 ‚Verum
898 1220 1196 1296 Pofitura
1218 1219 1633 1310 discrepitant
1653 1222 1814 1296 haee.

135 1314 237 1384 Sic
264 1311 427 1400 ipfis
449 1314 518 1383 in
545 1313 742 1402 rebus
764 1315 922 1384 item
947 1314 1075 1397 jam
1097 1314 1406 1384 Materia'i
1422 1362 1445 1397 ‚

2538 202 2680 270 119

1990 336 2173 378 aeterna
2189 320 2413 395 effivffuia
2434 327 2519 380 ila
2533 331 2678 383 vide·
2713 377 2718 383 .

1990 412 2097 446 mus
2114 399 2167 447 in
2174 396 2385 458 summis
2403 401 2544 449 rebus
2548 401 2679 463 flui-
2711 436 2717 443 ·

1989 473 2096 514 tare
2109 503 2125 529 ‚
2148 463 2282 516 modo
2297 464 2435 526 nasci
2452 466 2520 527 ξς*
2537 466 2675 520 modo

1988 530 2244 601 interire.)
2301 533 2447 601 Quin
2473 537 2528 586 in
2563 536 2675 603 ipfis

1985 599 2155 662 nostria
2206 602 2426 669 versibur
2475 604 2675 669 interest

1984 685 2095 720 cum
2109 670 2378 737 quibua-‚69²
2390 673 2527 738 quali
2539 675 2674 725 ordi-

1984 753 2042 787 ne
2040 737 2256 803 fingulae
2286 740 2445 790 litera:
2470 743 2674 802 conjun-

1987 804 2397 870 c‘iaesunt‚eaedem
2413 811 2543 860 enim
2559 812 2676 870 lite÷
2686 813 2735 854 Υ

1986 892 2056 924 rae
2069 886 2359 942 componunt
2370 895 2514 929 voces
2528 917 2543 943 ‚
2563 897 2672 945 quae

1966 942 2259 1009 stgnificant
2280 946 2474 1010 Coelum,
2492 947 2574 999 M
2569 966 2669 1013 are,

1993 1011 2194 1076 Terra,
2208 1014 2400 1065 Flami,
2417 1032 2464 1078 a,
2486 1016 2665 1081 Solem,

1743 1068 1770 1114 Ῑ
1783 1070 1859 1116 0¹
1874 1069 1914 1133 5
1984 1080 2189 1145 Fruges,
2208 1081 2346 1133 Arbu
2390 1100 2438 1146 a,
2461 1084 2671 1135 Anima—
2704 1101 2711 1110 ·

1981 1149 2069 1198 lia:
2089 1150 2150 1200 Si
2165 1167 2325 1201 omnes
2338 1151 2563 1212 nonsunt
2577 1163 2668 1203 e'ae-
2696 1183 2701 1190 ‹

1749 441 1920 486 1-010

1981 1217 2087 1267 dem
2105 1220 2263 1269 literae
2281 1256 2298 1282 ‚
2323 1229 2376 1270 at
2394 1218 2547 1271 multc)
2561 1238 2667 1272 ma-
2714 1270 2719 1275 .

1977 1287 2118 1337 xima
2128 1299 2245 1352 pars
2260 1288 2421 1339 eadem
2440 1287 2506 1351 est
2524 1327 2540 1352 ‚
2574 1308 2671 1342 ve-

1980 1355 2092 1405 riam
2116 1355 2315 1420 diverso
2354 1357 2523 1408 ordine
2539 1359 2666 1420 jun-

134 1403 541 1488 Intervalla,
579 1404 768 1487 Viae,
806 1404 1221 1483 CoimexuS„
1262 1403 1596 1481 Pondera,
1648 1402 1898 1489 Plagae,
1970 1423 2556 1487 guntu2·‚&indeoritur
2571 1445 2665 1478 vo.

133 1489 547 1579 Concursum
575 1494 833 1577 MotuS‚
860 1493 1080 1576 Ordo,
1106 1489 1420 1570 Positum,
1448 1493 1705 1579 Figurae
1734 1501 1906 1566 1020
1977 1508 2087 1541 cum
2100 1491 2379 1558 diversttas.
2408 1494 2661 1548 Similiter

133 1582 312 1653 Cum
342 1595 810 1669 permutantur
829 1633 848 1660 ‚
884 1584 1124 1653 mutari
1146 1583 1277 1654 Res
1300 1607 1565 1669 quoque
1586 1582 1850 1655 debent.

1974 1561 2027 1610 in
2041 1559 2154 1626 ipsis
2172 1565 2314 1613 rehtu·
2316 1563 2387 1627 fit
2404 1601 2420 1626 ‚
2445 1565 2663 1686 cude'e-
2706 1593 2709 1598 >

2579 1652 2661 1697 τε,

1972 1631 2161 1679 minum
2178 1630 2218 1683 I
2212 1631 2459 1682 ntervaffa
2477 1670 2493 1695 ‚

175 1671 390 1743 Nunc
411 1674 714 1746 animum
737 1671 930 1743 nobis
950 1669 1189 1744 adhibe
1208 1682 1430 1742 veram
1447 1672 1527 1741 ad
1548 1673 1892 1743 rationem.
1980 1699 2250 1763 connexus,
2270 1699 2517 1764 Ponam,
2542 1702 2664 1754 Pta-

134 1762 316 1833 Nam
353 1763 481 1834 tibi
505 1761 942 1833 vehementer¹
961 1786 1132 1834 nova
1157 1786 1260 1833 res
1287 1762 1559 1832 molitur
1581 1762 1661 1832 ad
1686 1765 1901 1834 aureis
1968 1765 2045 1834 ἔξω
2063 1803 2080 1828 ³
2109 1767 2412 1832 concursus,
2438 1769 2627 1821 Motm
2644 1808 2661 1835 ‚

136 1852 454 1925 Accidere
471 1888 496 1939 ‚·
539 1854 601 1923 &
625 1875 798 1922 nova
823 1848 887 1921 se
908 1849 1148 1939 species
1171 1851 1509 1924 ostendere
1530 1875 1773 1923 rerum.

137 1966 245 2033 ipsae
266 1968 466 2018 mutari
487 1966 673 2017 debent.

1904 1861 1913 1876 s
1983 1835 2109 1886 Ordo
2127 1872 2143 1899 ,
2172 1835 2399 1899 Pqfitura
2415 1876 2431 1901 ‚
2454 1838 2664 1903 Figurae

1974 1914 2339 1969 permutantur,
2366 1906 2462 1958 Res
2479 1924 2664 1974 quoque
2708 1955 2717 1962 ,

763 1964 894 2028 Jam
925 1962 1048 2018 vero*
1069 1975 1275 2017 mentem
1300 1974 1439 2018 tuum
1460 1968 1725 2030 verzff‘mae
1749 1967 2079 2037 Philosophiae
2102 1973 2399 2025 documentis
2419 1985 2664 2026 attentam

131 2037 282 2102 praebe
299 2074 318 2098 ‚
359 2035 462 2088 Res
476 2036 607 2087 enim
626 2036 853 2085 novitate
853 2032 954 2094 sua
967 2034 1272 2087 admirabilis
1286 2035 1354 2112 ad*
1366 2045 1476 2090 tuas
1492 2054 1632 2089 aures
1641 2041 1907 2104 pervenire
1916 2039 2067 2106 gestit
2081 2078 2099 2106 ‚
2126 2040 2196 2102 Εἴ
2211 2059 2344 2094 nova
2359 2061 2524 2095 rerum
2541 2045 2660 2112 Spe-

133 2104 338 2170 ciessese
359 2105 485 2157 Tibi
507 2102 742 2168 ostendere
755 2112 976 2154 conatur.

1247 2196 1567 2252 Nora.

131 2307 435 2361 bitaremus.
476 2304 577 2358 Sed
597 2312 658 2377 ut
675 2321 755 2357 res
778 2313 885 2360 tota
904 2345 919 2371 ‚
942 2323 1041 2376 qua
1064 2307 1126 2360 de
1150 2307 1320 2376 agitur
1340 2345 1356 2370 ‚

131 2371 398 2443 perspicue
419 2375 581 2441 magis
598 2384 837 2442 appareat
854 2415 870 2440 ‚
889 2376 1112 2443 paucula
1132 2378 1358 2444 quaedam

132 2447 243 2498 addi
280 2441 485 2496 neceffe
508 2442 594 2496 est.
691 2443 819 2497 Vult
857 2445 1075 2511 probare
1095 2445 1360 2498 Lucretim

130 2522 351 2567 mortem
390 2509 553 2578 ipsam
587 2511 664 2564 n‘il
698 2511 930 2578 prorsum
970 2515 1023 2565 in
1045 2513 1359 2580 Corporibus

128 2580 556 2650 primordialibus
575 2582 638 2643 ad
655 2581 880 2635 nihilum
896 2583 1130 2649 redigere
1149 2621 1166 2646 ‚
1191 2580 1277 2635 sed
1297 2582 1359 2634 ab

132 2668 189 2703 ea
209 2649 368 2704 fitum
399 2640 555 2701 modo
573 2662 612 2713 ‚·
632 2646 852 2716 figuram
873 2690 890 2716 ‚
929 2652 981 2703 Sc
1003 2650 1105 2703 alia
1120 2651 1172 2703 id
1196 2668 1359 2718 genus

131 2720 320 2773 mutari
341 2735 356 2769 :
391 2716 598 2785 Necstc
613 2720 861 2770 interimit
879 2737 1006 2777 mors
1024 2738 1099 2771 res
1116 2759 1133 2786 ‚
1156 2731 1212 2772 ut
1231 2720 1360 2771 Mu-

131 2791 265 2840 teriae
291 2789 508 2853 Corpora
538 2786 767 2852 conficiat
801 2826 818 2852 ‚
863 2788 1065 2856 inquit,
1113 2790 1165 2842 id
1190 2788 1259 2841 est
1275 2790 1360 2841 de-

131 2856 284 2910 struat
300 2895 318 2920 ‚
359 2853 658 2908 consumat:
683 2856 784 2909 Sed
800 2856 1000 2909 tantum
1017 2865 1206 2911 coetum
1226 2854 1360 2909 diffi-

131 2934 226 2991 pat.
245 2925 379 2981 Inde
398 2921 482 2992 (id
502 2922 572 2976 est
588 2942 652 2976 ex
672 2924 735 2977 iis
751 2920 1080 2993 corporibus)
1097 2927 1232 2978 aliud
1249 2927 1359 2977 aliis

130 2988 387 3059 conjungat
403 3031 420 3056 9
458 2991 527 3054 ξς)
542 2989 695 3059 efficit
715 3010 873 3045 omnes
893 3012 968 3045 res
985 3004 1042 3044 ut
1061 3004 1358 3045 convertant

120 3061 448 3126 fimaesuaes
464 3100 480 3125 ‚
508 3061 574 3122 ἐρ’
590 3062 965 3128 capiantsensm
980 3058 1352 3131 (animentur,)

134 3130 625 3198 &punito'tempore
638 3131 843 3182 reddant
856 3170 872 3195 ‚
905 3128 986 3200 (id
1007 3131 1077 3183 est
1092 3170 1108 3195 ‚
1131 3132 1355 3183 morian-

132 3207 211 3254 tur
225 3238 241 3265 ,
268 3217 396 3252 nam
418 3200 525 3252 haec
544 3198 606 3251 ad
627 3199 886 3253 Animalia
905 3196 1181 3266 praesertim
1199 3200 1358 3267 perti—

131 3278 268 3334 nent,
285 3265 314 3337 )
339 3278 402 3320 ut
418 3265 585 3329 noscas
599 3268 808 3334 plurimi
822 3271 1007 3332 referre
1020 3308 1037 3334 ,
1075 3268 1188 3329 &a
1213 3268 1286 3320 Et
1301 3285 1359 3319 ne

128 3348 263 3404 putes
282 3339 458 3404 prima
488 3338 696 3403 Corpora
724 3338 830 3389 ideo
853 3337 1016 3390 minus
1038 3347 1220 3389 aeterna
1239 3332 1324 3406 effi?
1340 3376 1357 3402 ‚

129 3404 251 3473 quod
273 3407 362 3458 illa
381 3408 438 3458 in
455 3404 943 3472 concretu-studuere
959 3408 1202 3458 videntur
1261 3424 1361 3457 mo-

131 3474 185 3526 do
203 3475 343 3538 nasci
364 3514 383 3538 ‚
424 3471 561 3525 modo
578 3475 787 3526 interire
804 3492 821 3526 .·
868 3475 971 3539 Qui
986 3476 1124 3527 enim
1140 3445 1276 3529 naici
1297 3474 1337 3526 il

131 3544 180 3596 la
198 3584 214 3611 ,
252 3544 548 3599 &interire
567 3550 783 3610 putant,
827 3542 1122 3604 falluntur3
1152 3561 1271 3596 nam
1296 3560 1360 3596 ex

135 3613 295 3665 oculis
343 3611 533 3664 nostris
576 3609 932 3667 subducuntur
971 3629 1063 3679 per
1093 3613 1361 3666 interitum

137 3684 495 3755 cvyxfmoiraev
512 3720 527 3745 ‚
554 3678 639 3732 sed
662 3697 765 3732 non
785 3689 1005 3748 pereunt
1025 3720 1041 3745 ‚
1082 3681 1272 3750 quippe
1298 3681 1360 3732 ad

135 3758 311 3804 catera
324 3750 617 3818 primordia
633 3751 968 3814 reducuntur,
992 3747 1079 3803 seu
1097 3748 1363 3811 adsuasae-

139 3821 209 3870 ela
227 3858 242 3884 ‚
262 3828 325 3873 ut
343 3835 474 3871 mox
488 3818 720 3886 loquitur
737 3857 752 3883 ,
772 3819 1018 3884 recedunt,
1037 3821 1198 3871 donec
1219 3825 1364 3870 motu

138 3885 226 3939 fibi
248 3885 487 3956 ingenito
512 3887 567 3937 in
589 3894 750 3940 coetus
770 3904 931 3940 novos
952 3888 1199 3951 redeant,
1260 3888 1360 3940 &c.

1567 2311 1722 2362 Neve
1733 2321 1875 2379 putes
1891 2313 2087 2364 interna
2107 2316 2271 2366 minus
2290 2352 2307 2377 ‚
2347 2314 2450 2368 διο.

1430 2398 1483 2451 Sc
1501 2414 1555 2449 v.
1576 2409 1695 2461 958.
1719 2395 1975 2464 subjungo
1995 2416 2007 2450 z
2027 2398 2206 2451 Placet
2232 2397 2322 2451 ist’a
2341 2397 2656 2463 oonjestura‚

1429 2463 1609 2586 {tufeio
1631 2465 1760 2519 alios
1784 2466 2102 2533 Interpre'tes
2122 2467 2255 2519 nihil
2271 2464 2659 2549 melius-protu-

1514 2551 1559 2587 e.

1503 2685 1652 2737 1017.
1679 2672 2022 2739 Discrepitant
2043 2669 2203 2733 baec.]
2226 2670 2517 2724 Literarum
2534 2672 2657 2725 Ele-

1430 2748 1619 2794 menta.
1679 2740 1786 2793 Alii
1809 2741 1908 2795 Res
1928 2737 2135 2807 inepte:
2173 2737 2322 2792 Hanc
2342 2742 2659 2794 emendatio-

1428 2826 1548 2862 nem
1571 2810 1804 2862 Lambini
1818 2810 2016 2874 judicio
2039 2807 2301 2864 debemus,

1501 2907 1650 2956 1019.
1706 2892 1763 2944 V
1757 2893 1878 2958 iae.]
1921 2889 2159 2959 Appofite
2191 2892 2248 2944 V
2242 2894 2446 2958 irgilius
2466 2932 2483 2958 ,
2539 2891 2655 2961 lpse

1426 2961 1727 3045 Epicuraeus
1752 2999 1769 3026 ‚
1806 2962 1863 3013 in
1881 2960 1977 3015 lib,
1999 2961 2043 3014 1.
2074 2961 2265 3027 Georg.

1501 3051 1560 3103 V
1555 3050 1692 3102 erum
1707 3051 1791 3100 ubi
1805 3049 2058 3119 tempestas
2071 3088 2088 3114 ‚
2116 3048 2185 3110 Εἴ
2205 3049 2321 3102 Coeli
2335 3048 2524 3102 mobilis
2541 3049 2655 3102 Hu-

1701 3134 1726 3168 ο
2365 3130 2388 3159 0

1495 3135 1782 3255 Mataza-te
1804 3203 1933 3256 vias.

1502 3357 1652 3394 1022.
1677 3342 1836 3392 Nunc
1859 3342 2079 3392 animum
2100 3341 2250 3404 nobb,
2281 3338 2412 3403 δια]
2432 3338 2656 3393 Semini-

1429 3410 1524 3463 bus
1544 3411 1649 3473 jam
1672 3406 1775 3462 rite
1790 3409 2085 3476 praeparatis
2109 3447 2126 3474 ‚
2156 3410 2209 3462 δε
2230 3416 2375 3461 motu
2396 3408 2654 3461 instrustis

1338 3506 1362 3516 -
1430 3479 1703 3531 demandat
1719 3494 1848 3544 opus
1865 3516 1882 3543 ‚
1912 3494 2012 3546 quo
2028 3477 2162 3536 nihil
2186 3475 2322 3530 certe
2340 3479 2507 3541 majus
2526 3515 2542 3542 ‚
2575 3477 2656 3529 111-

1431 3547 1508 3599 hil
1530 3547 1836 3613 prudentius
1861 3584 1877 3609 ‚
1905 3554 1996 3599 aut
2017 3545 2279 3614 augustius
2302 3563 2314 3596 :
2356 3545 2498 3599 Alios
2521 3545 2657 3599 Ter-

1431 3632 1607 3670 rarum
1623 3615 1771 3667 orbes
1789 3653 1804 3679 ,
1839 3615 1942 3666 alia
1957 3614 2102 3667 Astra
2115 3654 2132 3679 ‚
2150 3614 2280 3667 alios
2301 3614 2446 3667 Soles
2464 3653 2480 3678 ‚
2504 3616 2657 3666 innu-

1431 3700 1601 3737 meros
1623 3684 1844 3751 denique
1863 3685 2082 3737 mundos
2105 3685 2160 3735 111
2181 3681 2341 3749 spatio
2363 3680 2568 3735 infinito
2594 3698 2657 3732 ae-

1431 3751 1637 3805 dificat:
1664 3751 1874 3804 Novum
1901 3752 1997 3804 hoc
2017 3753 2224 3819 quidem
2246 3747 2618 3805 &incredibile
2638 3786 2655 3812 ,

1432 3831 1484 3874 at
1509 3836 1614 3872 non
1638 3821 1754 3873 ideo
1778 3820 2153 3897 rejiciendum:
2192 3820 2354 3873 Modo
2377 3818 2662 3870 „Memmius
2697 3818 2705 3827 ’

1433 3890 1668 3943 attendat
1680 3897 1983 3956 argumenta
2002 3928 2018 3955 ‚
2043 3891 2096 3943 δε
2112 3890 2254 3942 remi
2292 3886 2394 3939 sam
2409 3886 2661 3954 aliquam—

139 3956 279 4025 ,ρειαί
294 3958 413 4009 dixi
429 3965 596 4007 ‘tutem
613 3956 670 4007 de
684 3954 897 4023 szfitura
914 3955 982 4016 Εἴ
997 3957 1265 4019 conatione,
1282 3968 1368 4022 po·
1437 3961 1524 4011 diu
1545 3956 1925 4024 contempletur
1947 3995 1962 4023 ‚
2001 3955 2173 4010 minus
2186 3958 2241 4009 in
2266 3957 2408 4007 olens
2431 3956 2482 4007 8:
2500 3954 2663 4005 admi-

144 4024 224 4088 test
243 4026 293 4078 id
314 4027 346 4078 ὰ
348 4024 519 4092 simili
540 4063 556 4088 ‚
596 4030 658 4076 ex
678 4026 937 4076 literarum
972 4025 1237 4076 Elementis
1257 4038 1368 4091 pro·
1438 4026 1617 4082 rabilis
1660 4023 1888 4095 quotidie
1925 4026 2193 4094 apparebit
2225 4041 2241 4083 ς
2300 4023 2463 4076 multa
2523 4023 2666 4075 enim
2682 4074 2689 4081 ⁷,

145 4092 245 4145 bari
259 4133 276 4160 ,
332 4094 449 4156 &a
479 4093 563 4146 An
588 4093 763 4161 itaque
780 4109 918 4146 nunc
935 4131 952 4158 ‚
1012 4093 1227 4158 1Ῑ,ετὲ101·,
1265 4100 1370 4146 tres
1438 4094 1557 4148 sunt
1577 4092 1782 4162 prorsus
1802 4094 2046 4161 stupenda
2068 4133 2083 4158 ,
2139 4092 2326 4160 quibus
2350 4090 2530 4145 affueti
2558 4090 2669 4143 Ho-

148 4159 255 4215 illos
296 4161 480 4219 versus
502 4162 767 4217 tollendos
804 4159 903 4214 effe
923 4162 1127 4229 putabis
1160 4162 1186 4214 ⁴?
1249 4162 1372 4214 Haee
1442 4166 1608 4216 mines
1630 4179 1734 4215 nou
1749 4163 1972 4230 amplius
1994 4161 2308 4228 suspiciunt,
2346 4178 2400 4213 v,
2431 4156 2669 4233 252de

150 4229 296 4284 Faber
309 4230 549 4287 verfibus
570 4230 848 4286 immeritis
866 4231 1022 4285 nimis
1036 4229 1237 4286 favens.
1265 4232 1375 4285 mLe·
1444 4232 1545 4323 μὴ
1566 4242 1613 4322 233
1630 4229 1828 4319 {zia-um
1848 4227 2035 4304 ἄπειμι
2058 4233 2171 4287 εἰσὶν
2188 4269 2204 4295 ,
2241 4229 2341 4287 αἵθ’
2360 4227 2515 4295 ’ὅμοιοι
2532 4226 2671 4299 τέτῳ

151 4312 207 4365 go
220 4310 390 4357 autem
410 4340 429 4369 ,

1447 4304 1525 4360 o‘n·
1556 4306 1799 4365 ανομωοι·
1839 4300 2096 4368 Epicurus
2117 4300 2181 4353 ad
2202 4299 2546 4354 Herodotum.

1607 4387 1679 4457 H
1724 4408 1771 4471 4
2548 4375 2675 4452 Sed
