3064 4747
376 172 532 248 298

1242 167 1311 237 T.
1416 162 2177 254 LUCRET'II

384 306 723 380 quodformae
760 307 829 371 ἐρ’
856 303 1069 363 Viribus
1142 303 1348 394 Quod
1368 301 1551 376 facile
1570 303 2291 390 &Validis‚&Pulchris
2306 303 2453 376 dem
2463 304 2885 382 [inhonorem.

372 381 539 448 facile
558 379 806 432 Honorem
839 377 1070 445 abstulit,

368 466 503 500 ‘nam
548 449 684 501 illim
733 449 819 514 qui
847 446 1073 499 Divitiis

373 517 602 569 ·abundat
639 515 917 581 faHionem
960 517 1073 578 jam

373 587 655 653 sequuntur
675 623 692 649 ‚
749 582 817 644 Εἴ
862 583 940 635 illi
963 582 1076 644 ser-

384 657 543 707 viunt
557 692 575 718 ‚
614 655 703 721 qui
708 654 883 718 forma
909 651 976 711 ἐπ’
989 653 1097 714 ιω·-κ

385 725 525 775 ribus
562 718 746 782 sunt
803 720 1069 786 conspicui.

384 789 697 859 ,Quddstquis
705 788 978 851 ‚secundum
998 806 1073 840 re-

384 861 477 912 ‹51ae
527 860 758 912 Rationis
862 867 1070 923 raecepta

384 931 555 981 vitam
575 926 726 989 suam
756 929 808 978 in
853 928 1068 989 itueret‚

386 998 611 1050 Divitiae
623 996 833 1061 grandes
843 993 971 1056 sunt
989 995 1071 1045 ho-

387 1068 513 1116 mini
531 1065 687 1131 frugi
718 1065 902 1116 vivere
937 1080 1070 1130 aequo

372 1135 599 1197 Anima,
630 1150 764 1207 nemo
797 1134 925 1184 enim
966 1141 1069 1184 tam

384 1201 533 1264 miser
567 1204 686 1269 quin
706 1214 867 1268 parvo
876 1200 1070 1266 semper

381 1272 616 1337 gaudeat:
702 1270 748 1323 A
765 1279 788 1321 t
835 1270 1070 1322 Homines

384 1340 566 1392 volunt
590 1337 650 1400 Je
689 1333 772 1407 ff
812 1340 965 1390 claros
1002 1336 1070 1397 θ’

382 1418 633 1476 potentes,
664 1418 724 1460 ut
744 1406 919 1471 stabili
940 1406 1071 1471 fun-

382 1478 609 1529 damento
634 1476 852 1538 fortuna
889 1478 1072 1527 innite-

386 1556 524 1597 retur
542 1584 558 1608 ‚
589 1544 656 1606 ἐρ’
673 1544 887 1610 opulenti
898 1545 1071 1610 poffint

384 1616 554 1665 vitam
570 1612 890 1680 tranquillam
911 1629 1069 1693 ager&

386 1682 596 1746 Frustra
612 1700 629 1733 .·
648 1685 790 1735 Nam
807 1683 950 1733 turba
967 1681 1072 1731 illo-

386 1769 501 1802 rum
531 1753 617 1817 qui
634 1750 852 1813 summos
875 1752 1071 1802 honores

386 1822 629 1883 attingere
652 1829 889 1871 conantur
912 1819 1072 1870 reddi-

383 1886 465 1941 dit
485 1887 597 1941 Iter
629 1888 690 1939 ad
710 1888 924 1940 Honores
941 1888 1072 1953 peri-

387 1956 694 2021 culosum&
703 1956 836 2023 saepe
853 1956 1071 2009 Invidia

386 2035 623 2092 tanquam
650 2026 857 2078 Fulmen
896 2025 1071 2088 dejicit

380 2094 624 2147 'Homines
649 2096 678 2145 ὰ
690 2093 885 2155 summo
906 2093 1071 2145 Hono-

384 2165 459 2214 ris
482 2163 695 2229 fastigio
736 2166 803 2214 in
852 2164 1071 2229 infimam

385 2230 848 2298 vililliinamqueso
868 2250 894 2281 r
911 2240 934 2282 t
947 2247 1033 2280 em
1050 2248 1068 2290 ‚·

377 2300 477 2353 Ita
522 2310 579 2352 ut
611 2298 761 2352 multo
796 2300 969 2352 melius
993 2298 1070 2365 sit

380 2370 578 2422 modica
608 2371 824 2434 fortuna
875 2379 1070 2421 conten-

386 2449 494 2492 tum
515 2441 728 2503 vivere,
762 2438 830 2499 ἐρ’
850 2440 1069 2505 quietum

381 2522 554 2576 parere
572 2547 589 2572 ‚
622 2509 768 2576 quam
794 2510 1034 2573 imperare
1048 2545 1065 2570 ‚

387 2577 458 2638 θ’
470 2595 672 2643 regnum
690 2579 905 2628 obtinere
921 2576 1063 2627 velle.

386 2646 606 2699 Proinde
624 2684 641 2710 ‚
666 2644 871 2710 frustra
887 2682 905 2708 ‚
942 2644 1071 2695 nihil

384 2716 517 2766 enim
538 2731 698 2765 moror
713 2752 730 2776 ‚
768 2712 980 2780 improbe
996 2713 1069 2763 la-

384 2785 554 2834 borent
572 2820 590 2846 ‚
618 2780 853 2833 lue'iantes
872 2794 956 2848 per
981 2799 1069 2831 an-

1126 408 1139 437 “·
1213 397 1496 467 ivitioris
1519 398 1698 464 enim
1720 392 1955 465 seotam
1981 394 2369 482 plerumque
2387 393 2747 484 sequuntur

1145 486 1535 576 Qamlibet
1554 488 1613 555 ἃ
1630 482 1856 570 fortes,
1869 487 1932 556 &
1951 483 2226 571 pulchro
2244 509 2513 573 corpore
2530 493 2706 556 creti.
2741 500 2765 556 1
2787 506 2890 576 115

1235 575 1449 664 Qod
1471 572 1670 662 fiquis
1695 598 1852 645 vera
1875 576 2078 646 vitam
2105 576 2357 645 ratione
2380 577 2726 663 gubernet,

1145 666 1416 737 Divitiae
1443 663 1719 753 grandes
1743 662 2005 735 homini
2028 662 2180 735 sunt
2199 696 2228 748 ,·
2247 666 2493 734 Vivere
2515 667 2703 751 parce

1143 757 1355 845 AEquo
1389 755 1615 916 alnimo
1643 782 1664 833 3
1722 778 1935 843 neque
1971 755 2152 826 enim
2182 753 2257 824 ‘st
2282 778 2579 841 unquam
2611 754 2887 842 paenuria

1254 898 1255 901 ,
1465 867 1607 914 arvi
1635 870 1653 912 :

1142 935 1225 1007 At
1245 933 1449 1004 claros
1470 928 1531 1004 se
1552 931 1857 1005 homines
1879 934 2148 1012 voluere
2168 929 2309 1019 effe,
2335 954 2535 1022 atque
2553 934 2884 1021 potenteis,

1140 1026 1235 1097 Ut
1258 1020 1697 1095 fundamento
1723 1022 1932 1093 stabili
1953 1021 2221 1095 fortuna
2247 1044 2566 1103 maneret,
2736 1045 2891 1098 1120

1144 1117 1223 1185 Et
1244 1114 1559 1201 placidam
1588 1110 1836 1200 pofl'ent
1856 1115 2178 1201 Opulenti
2206 1113 2440 1201 degere
2473 1115 2678 1184 vitam
2703 1142 2721 1192 3

1141 1205 1213 1277 N
1217 1204 1604 1291 equiequam
1633 1230 1651 1271 t
1681 1203 2025 1290 Quoniam
2051 1204 2133 1274 ad
2157 1200 2496 1275 summum
2520 1200 2855 1275 succedere
2885 1209 2890 1215 ’

1406 1291 1734 1364 honorem
1774 1381 1778 1385 -

1143 1384 1488 1454 Certantes
1513 1435 1535 1468 ,
1589 1385 1713 1453 iter
1734 1378 2040 1453 infestum
2074 1378 2280 1452 fecere
2304 1382 2460 1453 via'i.

1141 1476 1222 1544 Et
1240 1494 1463 1544 tamen
1488 1473 1522 1543 ἐ
1543 1471 1807 1543 summo
1825 1468 2004 1558 quasi
2027 1473 2303 1544 Fulmen
2331 1473 2559 1563 dejicit
2584 1473 2748 1544 idios

1141 1564 1400 1633 Invidia
1417 1564 1683 1632 interdu
1700 1563 2085 1633 contemtim
2106 1564 2177 1632 in
2196 1565 2472 1634 Tartara
2493 1576 2660 1634 tetra
2681 1590 2698 1632 z
2737 1587 2759 1632 1
2781 1578 2891 1648 125

1139 1655 1235 1726 Ut
1252 1649 1449 1723 {atius
1473 1655 1688 1723 multo
1708 1653 1840 1743 jam
1864 1650 1942 1721 fit
1961 1675 2183 1738 parere
2204 1654 2536 1738 quietum,
2575 1664 2590 1675 ‘

1142 1745 1364 1831 Qam
1385 1766 1607 1832 regere
1641 1742 1924 1829 Imperio
1946 1764 2051 1811 res
2074 1741 2261 1823 velle,
2312 1744 2375 1812 ὃς
2398 1744 2637 1831 Regna
2656 1762 2888 1813 tenere.

1145 1832 1448 1917 Proinde,
1486 1830 1621 1903 ssve
1641 1828 1952 1903 incastum
1980 1829 2545 1918 defeffixsanguine
2564 1830 2797 1903 sudent

1147 1921 1512 2010 Angustum
1537 1945 1650 2009 per
1668 1923 1792 1992 iter
1811 1922 2126 1992 lustantes
2157 1921 2605 1993 Ambitionis:
2833 1984 2836 1989 .

1140 2012 1397 2083 Invidia
1416 2013 1660 2100 quonia
1679 2009 2096 2083 seuFulmine
2113 2008 2370 2080 summa
2389 2029 2718 2097 vaporant
2743 2036 2763 2081 ι
2786 2036 2807 2081 ι
2827 2034 2897 2097 30
2957 2014 2965 2025 '

1142 2103 1556 2190 Plerumque,
1589 2104 1649 2174 &
1673 2125 1818 2188 quae
1836 2098 1989 2172 sunt
2011 2101 2155 2171 aliis
2180 2102 2384 2189 magis
2404 2103 2589 2173 edita
2604 2126 2895 2189 cunque:

1143 2193 1706 2282 Quandoquidem
1727 2189 1982 2278 sapiunt
2004 2192 2217 2261 alieno
2239 2216 2320 2260 ex
2344 2215 2463 2261 ore
2490 2219 2507 2260 z
2542 2211 2898 2279 petuntque

1141 2283 1272 2354 Res
1295 2306 1376 2351 ex
1401 2283 1643 2353 auditis
1668 2282 1917 2370 potius,
1944 2283 2141 2368 quam
2166 2278 2461 2353 senfibus
2487 2279 2682 2370 ipsis:

1139 2373 1210 2444 N
1213 2397 1285 2443 ec
1299 2373 1504 2460 magis
1519 2372 1586 2443 id
1605 2379 1783 2443 nunc
1793 2369 2036 2457 est‚nec
2048 2368 2893 2458 eritmox‚quamfuitante.

1230 2465 1403 2550 Ergo
1423 2464 1720 2551 Regibus
1743 2459 1966 2532 occifis
1993 2457 2299 2533 subversa
2333 2462 2594 2548 jacebat
2741 2477 2901 2550 ¹1³5

1144 2553 1411 2624 Pristina
1436 2551 1731 2640 majestas
1750 2549 2060 2623 soliorum
2086 2603 2106 2632 ‚
2143 2555 2204 2622 &
2229 2549 2475 2638 sceptra
2497 2550 2817 2639 superba3

1140 2644 1222 2713 Et
1246 2644 1474 2730 capitis
1498 2643 1754 2715 Summi
1776 2644 2157 2728 praeclarum
2189 2638 2452 2728 Infigne
2465 2661 2834 2713 cruentum

1140 2732 1278 2805 Sub
1301 2733 1577 2820 pedibus
1606 2733 1806 2819 Volgi
1833 2756 2145 2820 magnum
2171 2733 2437 2817 lugebat
2469 2731 2842 2803 honorem:

378 2850 568 2918 gustis&
584 2851 880 2903 Ambitionis
914 2845 942 2919 (
960 2850 1163 2901 Summa
1172 2850 1308 2900 enim
1327 2846 1396 2908 Εἴ
1413 2863 1707 2914 quaecunque
1727 2847 1839 2897 aliis
1862 2846 2041 2897 altiora
2061 2829 2187 2907 fient
2205 2844 2247 2897 I
2242 2835 2425 2896 n'vidio
2448 2845 2547 2908 seu
2563 2846 2621 2899 F
2614 2846 2799 2898 ulmine
2813 2848 2904 2914 ple-

381 2937 587 2987 rumque
591 2914 864 2987 flagrant)
900 2919 1014 2969 dum
1040 2920 1194 2970 alieno
1214 2935 1275 2968 ex
1307 2933 1388 2966 ore
1394 2914 1607 2981 sapiunt
1627 2953 1644 2978 ‚
1684 2912 1752 2974 ἐῢ)
1774 2913 2019 2967 Honorem
2051 2914 2118 2975 Εἴ
2139 2913 2416 2980 Imperium
2451 2918 2673 2982 cupiunt
2702 2913 2827 2983 quo‘d
2852 2918 2906 2967 ab

382 2989 496 3040 aliis
521 2998 755 3055 tanquam
774 2988 895 3038 bona
915 2986 1180 3038 laudantur
1196 3023 1214 3049 ‚

1259 2985 1425 3052 potius
1441 2983 1588 3050 quam
1610 2979 1735 3050 qudd
1754 2981 1849 3049 iffi
1854 2981 2087 3043 sentiunt
2104 3001 2122 3033 .·
2155 2982 2261 3034 Hic
2276 2999 2405 3034 nunc
2423 2983 2493 3048 est
2510 3022 2529 3047 ‚
2560 2983 2765 3052 semper
2778 2981 2870 3037 erit
2886 3022 2901 3048 ‚

369 3056 658 3125 semperque
658 3057 778 3120 fuit
811 3073 909 3106 mos
928 3055 1215 3108 Hominum.
1290 3049 1425 3117 Ergd
1442 3051 1661 3118 Regibus
1677 3050 1839 3119 occisis
1843 3050 2089 3113 sultversa
2091 3051 2296 3113 jacebat
2311 3049 2529 3118 pristina
2547 3053 2806 3119 Majestas
2826 3054 2906 3107 So-

381 3127 561 3178 liorum
577 3163 594 3190 ‚
633 3124 701 3186 &²
718 3123 934 3191 superba
964 3121 1169 3190 sceptra
1183 3161 1200 3186 ‚
1240 3120 1309 3183 ἔθ’
1346 3120 1498 3186 Regii
1532 3122 1709 3187 capitis
1739 3128 2075 3172 ornamentum
2093 3120 2336 3173 Diadema
2358 3119 2513 3188 ipsius
2530 3122 2906 3191 regissanguine

369 3194 624 3260 sci-datum
636 3193 733 3257 sub
743 3194 949 3261 pedibus
966 3192 1090 3244 vilis
1102 3191 1250 3259 plebis
1257 3191 1461 3256 jacebat
1457 3189 1573 3259 stne
1587 3192 1763 3242 honore
1776 3206 1797 3250 ,·

456 3416 606 3469 1116.
645 3411 854 3484 ,Quodsi

384 3918 536 3962 μενοι.

459 3980 609 4017 1122.
644 3962 900 4031 ,Quoniam
919 3964 979 4016 ad
979 3963 1251 4032 summum,
1271 3961 1401 4027 &c.]
1425 3963 1612 4017 Diver-

387 4029 494 4085 sam
512 4031 575 4085 ab
599 4032 731 4086 Aliis
747 4071 766 4097 ‚
812 4030 898 4086 sed
931 4050 1108 4088 veram
1130 4032 1607 4100 interpretationem

386 4097 669 4168 apposuiffe
690 4101 887 4154 videor.

463 4179 611 4227 1128.
651 4169 902 4235 Sanguine
912 4167 1144 4233 sudent.]
1173 4166 1337 4224 Valde
1353 4167 1605 4222 laborent.

387 4234 705 4302 Interpretes
721 4275 739 4301 ‚
810 4236 963 4291 uibus
1003 4239 1156 4291 credo
1169 4276 1187 4304 ‚
1220 4239 1464 4307 quoniam
1485 4238 1610 4306 quid

387 4303 577 4355 melius
598 4305 699 4356 dici
720 4320 786 4371 po
828 4311 869 4358 it
891 4306 1121 4358 nondum
1139 4306 1337 4361 inveni.

461 4382 611 4435 1130.
637 4371 856 4425 Invidia
869 4373 1147 4442 quoniam]
1166 4375 1311 4431 Duos
1328 4372 1480 4432 hosce
1495 4389 1614 4430 ver-

383 3477 667 3551 fequuntur
688 3523 705 3549 ‚
750 3487 802 3538 &
842 3412 1608 3551 gzngzggfflffifigmssiggrggia

385 3554 510 3605 dum
528 3550 625 3604 effe
646 3555 697 3608 δι
714 3554 1063 3607 continentem
1085 3591 1102 3616 ‚

387 3623 441 3674 δι
464 3619 759 3677 Ambitione
778 3622 1007 3674 alienum
1022 3660 1039 3686 ‚
1080 3637 1199 3674 nam
1220 3627 1437 3688 utraque
1459 3639 1607 3675 curas

385 3687 537 3742 affert
562 3691 614 3742 &
636 3690 890 3743 molestias
914 3728 931 3753 ‚
968 3698 1151 3743 neutra
1170 3697 1441 3755 promovet
1471 3689 1609 3743 foeli-

385 3757 595 3811 citatem
619 3775 632 3809 ε
684 3759 823 3812 Hinc
855 3756 1011 3826 ipsius
1044 3757 1257 3812 effatum
1276 3795 1294 3822 ‚
1332 3753 1482 3824 ἕδιςοι
1517 3783 1610 3816 πο-

383 3829 641 3893 λυτελείας
670 3824 991 3888 α’πολοίυεσιν
1021 3828 1062 3885 οἵ
1090 3823 1248 3893 §mea
1285 3824 1475 3894 ταύτης
1508 3823 1610 3886 δεό-

1416 3328 1795 3384 ,Νοτι

1676 3413 1759 3468 sus
1782 3453 1800 3480 ‚
1822 3411 1862 3468 si
1878 3413 2024 3469 Libri
2048 3414 2423 3483 permitterent,
2461 3415 2708 3470 delerem
2730 3455 2756 3484 ,ν
2784 3410 2910 3471 certe
2997 3427 2998 3454 1

1677 3484 1854 3549 ejestis
1875 3483 1980 3537 istis
2004 3485 2205 3552 integra
2222 3483 2360 3537 foret
2379 3482 2648 3539 sententia
2667 3524 2686 3550 ‚
2730 3503 2840 3556 quae
2857 3484 2913 3538 il·

1676 3552 1849 3606 lorum
1865 3553 2163 3612 interventu
2189 3552 2368 3606 luxata
2383 3553 2654 3607 videatur.

1749 3635 1897 3686 1135.
1938 3619 2092 3687 Ergi,
2109 3620 2328 3686 Regibus
2348 3620 2537 3687 occisis,
2565 3622 2705 3691 &c.]
2733 3623 2916 3678 Detur·

1677 3688 1809 3743 batis
1825 3687 2054 3757 Regibus
2071 3690 2260 3742 iterum
2274 3690 2384 3754 Υἰε,
2408 3691 2636 3754 Iniuriae
2653 3731 2672 3755 ‚
2697 3689 2919 3746 Tumul-

1678 3765 1761 3811 tus
1777 3796 1795 3820 ‚
1838 3759 1890 3810 &
1912 3759 1974 3810 ad
1990 3757 2253 3826 pristinam
2267 3756 2537 3812 feritatem
2554 3762 2722 3814 rediit
2741 3758 2917 3812 Homi-

1677 3843 1803 3879 num
1818 3827 1945 3890 vita‚
1976 3826 2182 3881 tandem
2197 3827 2393 3892 placuit
2413 3827 2771 3894 Magistratus
2788 3842 2920 3882 crea-

1680 3911 1754 3959 re,
1774 3895 1937 3964 Leges
1954 3894 2279 3959 constituere,
2312 3897 2364 3949 &
2380 3897 2557 3963 poenis
2578 3903 2826 3950 coercere
2847 3896 2921 3947 in-

1677 3961 1895 4026 juriosos
1916 3980 1929 4015 t
1963 3964 2250 4017 Prudenter
2269 3964 2366 4016 hoc
2383 3963 2606 4032 quidem
2624 4004 2642 4030 ,
2663 3981 2787 4018 nam
2809 3963 2920 4017 Me-

1678 4038 1762 4085 tus
1781 4029 2238 4086 .vehementiffima
2272 4030 2419 4085 causa
2447 4030 2525 4084 est
2542 4070 2562 4097 ‚
2610 4036 2668 4088 ἃ,
2706 4033 2923 4089 Timore

1679 4098 1931 4154 Homines
1951 4097 2173 4154 maxime
2191 4102 2646 4155 continentur.Ne
2667 4099 2799 4155 vero
2814 4099 2924 4167 quis

1679 4175 1827 4235 putet
1845 4166 1895 4221 se
1916 4166 2127 4236 impune
2142 4167 2338 4221 foedera
2355 4169 2563 4221 violare
2585 4168 2737 4236 posse
2761 4207 2780 4235 ‚
2804 4183 2926 4252 quo-

1679 4236 1818 4289 niam
1838 4237 1971 4291 clam
1986 4235 2538 4304 peccet‚namGarrula
2556 4238 2633 4291 est
2653 4236 2932 4293 Conscien-

1678 4305 1772 4370 tia,
1799 4308 1850 4360 &
1872 4306 2026 4358 multi
2060 4305 2147 4357 vel
2178 4306 2369 4358 Morbo
2403 4304 2728 4373 delirantes,
2771 4305 2862 4361 vel
2878 4305 2930 4356 in

1681 4374 1885 4431 Somnis
1897 4371 2110 4429 suorum
2121 4370 2373 4432 scelerum
2380 4374 2652 4430 indicium
2668 4374 2929 4431 fecerunt.

2760 4444 2938 4518 Nam

1130 3551 1194 3605 ab
1211 3553 1353 3604 omni
1374 3553 1609 3606 Avaritia
