3064 4747
1128 199 1198 267 a
1303 173 2057 276 nocnerit

1094 326 1180 397 Et
1201 341 1422 411 crepat
1440 374 1463 409 ,
1490 323 1843 409 antiquum
1866 327 2175 409 genus'ut
2193 319 2432 406 pietate
2453 319 2781 408 repletum

380 477 392 488 .
419 484 441 527 t
473 475 539 526 fs
626 470 733 521 zena
790 467 913 518 vit
931 482 1025 516 am
1095 412 1401 487 Perfacile
1422 412 1717 502 angustis
1736 412 2030 484 tolerarit
2049 408 2298 482 finibus
2322 433 2546 480 aevum
2569 461 2594 497 ,

334 488 562 596 {2²12ssqu
589 484 734 592 {ebus
755 528 1026 601 necffzriis
1097 506 1275 576 Cum
1295 504 1518 574 minor
1540 499 1690 574 esset
1711 502 1848 590 agri
1872 502 2086 572 multo
2109 500 2349 570 modus
2373 519 2524 571 ante
2544 501 2800 592 viritim
2828 528 2851 571 ε

339 611 665 665 abundantem
695 605 823 657 nuno
834 604 930 665 suo
951 604 1024 654 la·
1093 596 1244 666 Nec
1268 610 1469 673 tenet,
1497 595 1725 663 omnia
1748 592 2088 679 paullatim
2113 586 2462 674 tabescere,
2494 591 2559 661 &
2587 592 2684 662 ire
2715 613 2883 681 1170

339 682 453 734 ‘’⁰'‘
505 689 556 731 tr
557 675 657 810 “finff
645 692 753 795 ἷξεν
755 674 1023 793 ²2me5ss
1096 684 1197 756 Ad
1220 681 1558 771 scopulum
1583 680 1791 770 spatio
1809 682 2021 751 aetatis
2042 675 2273 750 defessa
2298 679 2583 761 vetustO.

324 747 853 886 ᾖῖιξῖἱὶιὲςῌοηήῆἰὺω
872 806 1025 861 multo*
1043 808 1206 860 minor
1222 804 1356 879 Agri
1368 804 1540 886 modus
1559 805 1774 885 contigit
1798 821 1817 855 .·
1859 802 2237 886 Nec-inteffigit
2255 820 2332 855 res
2354 821 2516 857 omnes
2529 807 2775 874 paulatim
2794 807 2885 857 de...

328 890 485 955 ficere
500 925 517 950 ‚
556 885 619 935 ad
642 882 907 934 interitum
922 894 1130 942 vergere
1151 913 1169 940 ‚
1208 873 1278 935 ξς*
1296 874 1467 926 multas
1481 890 1626 925 anms
1639 866 1773 942 fff⁸
1797 871 1866 934 Εἴ
1882 873 2143 926 debilitata
2159 910 2176 939 ,
2215 873 2278 925 ad
2286 870 2550 940 scopulum
2568 878 2729 929 aetatis
2748 870 2888 945 (me-

338 967 448 1012 tam
467 955 826 1017 terminumque
841 949 970 1000 vitae
981 939 1133 1013 suae)
1155 941 1366 996 tendere.

341 210 480 285 128

339 336 410 398 ἐξ
442 334 576 403 saepe
609 331 848 384 memorat
879 365 897 392 ‚
967 336 1026 379 ut

334 405 502 474 prisca
562 418 682 470 gens
740 396 1024 450 mortalium

1444 1050 1768 1105 Norae.

416 1151 566 1212 1167.
607 1142 682 1196 Et
704 1151 872 1208 crepat
908 1141 1371 1206 antiquumgenue,
1422 1138 1572 1208 &c.]
1642 1142 1886 1194 viverent
1930 1157 1945 1192 τ
2004 1139 2093 1194 Sic
2124 1142 2265 1195 enim
2302 1139 2442 1194 hunc
2476 1141 2651 1197 locum
2686 1145 2836 1211 capio
2856 1184 2880 1211 ‚

347 1218 666 1284 Argumento
690 1210 878 1332 ,sutffod
893 1208 1044 1261 modi)
1065 1209 1285 1263 duxerat
1304 1225 1371 1262 ex
1386 1208 1576 1276 Epicu·
1644 1215 1706 1263 ut
1736 1209 1891 1262 illum
1909 1209 2128 1263 Terent.
2181 1210 2355 1279 ,Quam
2376 1212 2640 1291 posfacile
2661 1215 2879 1266 vivifi,-

347 1290 397 1339 ri
416 1281 622 1354 placitis
641 1319 658 1345 ,
792 1279 968 1345 jungit
985 1278 1262 1330 Poetarum
1281 1276 1484 1331 fabulas
1511 1279 1576 1330 de

347 1347 503 1409 aureo
524 1348 702 1402 saeculo
720 1385 738 1412 ,
774 1349 881 1400 viz.
912 1355 1039 1399 tunc
1057 1347 1306 1413 temporis
1323 1345 1452 1399 mire
1471 1345 1578 1399 ser-

348 1423 462 1478 tilis
492 1426 602 1474 erat
631 1417 837 1479 Terra,
890 1415 1065 1467 omnia
1087 1411 1268 1481 sponte
1292 1416 1574 1481 produxit,

348 1509 461 1561 quae
493 1490 599 1553 jam
621 1485 788 1538 multo
820 1484 997 1536 labore
1017 1480 1224 1536 subac‘ta
1242 1481 1372 1551 aegre
1394 1483 1580 1537 Homi-

348 1577 442 1613 nes
470 1556 714 1610 sustentat
737 1572 749 1605 :
791 1549 1034 1606 Conscius
1052 1557 1226 1604 autem
1246 1553 1429 1605 Poetas
1458 1552 1578 1605 istos

350 1630 483 1682 hanc
518 1626 699 1678 Terrae
731 1620 1060 1675 fertilitatem
1081 1621 1328 1674 Numinis
1354 1621 1580 1674 benevo-

351 1696 525 1750 lentiae
545 1694 651 1746 Piis
676 1690 972 1744 hominibus
996 1688 1222 1743 faventis
1251 1687 1538 1744 attribuiffe
1559 1729 1575 1755 ‚

350 1765 498 1820 istam
533 1761 831 1829 opinionem
857 1759 1148 1812 Scommate
1176 1758 1320 1826 impu
1357 1766 1476 1823 nat,
1524 1760 1577 1812 &

354 1831 568 1900 despicit
583 1828 929 1897 ignorantiam
947 1826 1181 1891 illorum,
1201 1829 1290 1896 qui
1363 1826 1585 1880 ellurem
1659 1843 1740 1893 19.
1815 1828 2203 1897 Nonnunquam
2241 1830 2400 1882 Pueri

356 1902 513 1957 Senio
532 1899 756 1953 effoetam
777 1894 893 1949 fieri
909 1896 1141 1947 nondum
1165 1895 1546 1951 intellexerint.

426 1975 575 2029 1168.
598 1965 851 2031 Perfacile
885 1964 1116 2017 tolerarit
1153 1963 1382 2029 aevum.]
1435 1965 1585 2020 Beati

1647 1279 1776 1332 Inde
1792 1279 1929 1345 apud
1953 1277 2277 1344 Homerum,
2325 1279 2415 1331 D1i
2453 1281 2556 1351 ῥεῖα
2583 1278 2776 1353 ζώοντες
2799 1283 2887 1335 di·-

1647 1354 1854 1400 cuntur.
1891 1346 2073 1399 Faber.

1722 1429 1873 1480 1171.
1909 1414 1995 1468 Ad
2032 1413 2360 1483 Scopulum]
2443 1416 2526 1471 Ad
2559 1418 2833 1472 interitum
2861 1437 2882 1473 ε

1647 1484 1990 1539 Translatum
2013 1482 2044 1537 a
2081 1487 2202 1538 navi
2225 1501 2336 1554 quae
2358 1485 2473 1540 insti
2515 1488 2618 1540 'tur
2642 1485 2880 1556 scopulo.

1646 1553 1937 1605 Lambinus.
1959 1553 2059 1606 Per
2083 1554 2346 1621 Scopulum
2364 1555 2474 1608 inte
2498 1555 2616 1623 ligit
2635 1556 2889 1620 exitium,

1649 1622 1839 1674 Labem
1859 1660 1876 1686 ,
1898 1623 2102 1675 ruinam
2119 1661 2136 1687 ‚
2161 1623 2342 1675 Faber.
2407 1622 2682 1678 Salmasius
2702 1633 2884 1680 autem

1649 1688 1820 1743 asserit
1852 1691 1919 1743 Sc
1978 1691 2116 1744 ulum
2132 1689 2233 1745 effe
2268 1700 2493 1758 metam,
2533 1690 2620 1746 seu
2655 1711 2885 1761 parvum

1648 1757 1858 1827 scopum
1879 1797 1898 1824 ‚
1919 1703 2004 1812 Ἔα
2024 1760 2305 1814 Suetonius
2322 1798 2340 1826 ,
2366 1761 2423 1813 in
2439 1762 2735 1826 Domitiano
2760 1780 2881 1829 cap.

2476 1830 2622 1882 rocul
2659 1831 2834 1883 stantis
2856 1870 2879 1897 ‚

1654 1894 2024 1965 praebentisque
2040 1914 2134 1965 pro
2158 1899 2365 1965 Scopulo
2383 1899 2436 1951 di
2456 1895 2663 1966 pansam
2681 1901 2887 1953 ‹lextrae

1655 1981 1837 2019 manus
1853 1965 2078 2033 palmam
2091 2006 2108 2034 ‚
2130 1969 2233 2022 8ιο.

344 2089 2887 2264 :m‘fflffiafflfflffiaffifflzw

345 2328 496 2530 ,IN
518 2326 617 2380 hoc
640 2322 798 2379 Libro
819 2320 990 2391 pofitae
1010 2319 1130 2377 sunt
1151 2338 1328 2378 omnes
1369 2323 1585 2393 Epicuri
1656 2326 1708 2379 &
1732 2324 1914 2394 aequali
1935 2324 2211 2379 velocitate
2235 2323 2472 2379 deorsum
2493 2326 2773 2381 tendentia.
2814 2327 2887 2383 In

478 2396 699 2450 fortunae
719 2432 736 2460 ‚
790 2393 1006 2459 Exiguae
1074 2393 1251 2445 uidem
1283 2392 1383 2446 istae
1401 2431 1419 2459 ‚
1490 2410 1583 2446 uas

480 2476 652 2521 tamen
673 2462 828 2516 multi
852 2463 1027 2515 olima
1092 2462 1333 2526 'xerunt,
1371 2462 1424 2516 &
1459 2478 1464 2479 ⁷
1503 2461 1585 2514 ul-

479 2536 587 2589 lius
612 2532 848 2599 diripuit.
936 2530 1226 2583 Instaurare
1251 2531 1458 2584 demum
1479 2547 1587 2583 ma—

356 2622 458 2673 gno
477 2610 663 2659 conatu
679 2601 865 2654 nititur
882 2599 1153 2651 Lucretius
1166 2637 1183 2663 ‚
1234 2616 1294 2652 eo
1317 2596 1546 2652 successu
1563 2637 1581 2664 ,

358 2690 514 2741 quem
531 2677 790 2724 meretur:
828 2669 971 2721 Idem
995 2669 1134 2721 enim
1151 2667 1367 2734 Epicuri
1382 2668 1587 2735 opinio-

357 2743 511 2795 nibus
554 2739 741 2792 accidit
780 2738 916 2806 quod
951 2737 1125 2791 Foetui
1164 2736 1290 2789 mali
1311 2735 1541 2789 staminis
1565 2774 1581 2800 ‚

355 2807 620 2877 copiosum
653 2806 777 2860 licet
795 2845 812 2871 ,
843 2808 895 2860 Sc
921 2803 1318 2860 saluberrimum
1349 2805 1586 2859 Alimen-

356 2886 471 3001 Eum
487 2879 691 2947 ingeras
706 2913 723 2941 ,
778 2874 967 2929 debilis
985 2883 1161 2929 tamen
1182 2880 1395 2939 manet,
1434 2875 1486 2927 &
1505 2872 1588 2925 in-

400 2964 560 3000 rmus.

463 3045 508 3098 A
534 3061 587 3098 v.
621 3046 705 3096 66.
724 3043 856 3096 adv.
880 3051 963 3101 82.
1004 3041 1172 3095 Docet
1189 3040 1348 3095 Poeta
1374 3040 1586 3095 Motum

360 3112 460 3167 effe
479 3152 497 3179 ,
537 3129 632 3166 nec
650 3110 933 3166 diffitemur
951 3128 965 3162 z
1003 3110 1215 3163 Motum
1238 3110 1393 3163 etiam
1411 3126 1589 3164 rerum

360 3182 609 3239 Omnium
630 3177 656 3233 ὲ
679 3181 835 3233 Motu
853 3177 1106 3231 seminum
1124 3178 1250 3232 oriri
1270 3216 1287 3243 ,
1308 3177 1444 3231 illud
1461 3196 1588 3247 quo·

358 3268 459 3319 quc
490 3247 848 3317 agnoscimus:
889 3248 989 3301 Sed
1023 3248 1146 3300 dum
1181 3264 1232 3301 v.
1254 3257 1337 3306 82.
1377 3247 1586 3303 Pondus

359 3318 656 3373 Seminibus
676 3356 694 3382 ,
735 3318 787 3370 &
815 3317 934 3369 inde
950 3317 1162 3369 Motum
1192 3313 1431 3370 attribuit
1449 3354 1466 3382 ‚
1505 3317 1587 3369 ni-

356 3389 522 3441 mium
551 3384 645 3440 fibi
677 3389 728 3439 &
772 3382 878 3437 suis
906 3385 1106 3438 Atomis
1126 3384 1396 3452 indulget:
1454 3386 1584 3449 Quis

351 3458 557 3525 pondus
575 3455 717 3508 omni
737 3454 974 3507 Materiae
992 3492 1009 3519 ‚
1046 3456 1099 3507 &
1125 3454 1240 3522 quis
1266 3454 1584 3521 Corporibus

357 3522 586 3589 ejusdem
604 3522 757 3575 molis
775 3522 913 3574 idem
928 3523 1129 3589 pondus
1147 3522 1437 3578 concedat?
1457 3522 1587 3576 Sen-

355 3591 439 3647 sus
458 3593 596 3647 enim
628 3593 680 3645 &
704 3591 1043 3657 Experientia
1060 3591 1361 3645 reclamant.
1438 3590 1586 3646 Vidit

354 3670 529 3715 autem
549 3660 801 3728 Epicur-zu
818 3658 1057 3725 Lapides,
1081 3660 1264 3727 Ligna,
1291 3659 1477 3713 cunCta
1498 3661 1585 3713 de-

352 3732 511 3800 nique
529 3730 666 3784 intra
684 3728 876 3781 Mundi
892 3726 1049 3791 hujus
1066 3728 1320 3781 ambitum
1341 3736 1585 3783 contenta

352 3796 590 3853 deorsum
610 3797 842 3860 tendere,
858 3804 911 3849 at
944 3812 1011 3849 ue
1033 3796 1151 3850 ideo
1173 3797 1584 3851 crediditOmnia

351 3868 416 3923 ab
453 3876 643 3921 aeterno
685 3861 922 3918 descendi
967 3881 995 3916 e
1019 3903 1036 3929 ‚
1089 3880 1243 3934 quam
1268 3865 1583 3933 Opinionem

351 3938 441 4006 qui
470 3934 799 4003 amplectitur
820 3970 836 3997 ,
881 3949 958 3984 nae
995 3933 1090 3986 ille
1123 3935 1224 3986 erit
1249 3933 1583 3987 nitidissimus

351 4007 414 4058 dc
473 4022 594 4072 rege
614 4002 833 4070 Epicuri
857 3998 1200 4069 Philosophus
1222 4019 1235 4054 z
1274 4002 1422 4054 Idem
1440 4004 1582 4055 enim

349 4088 409 4126 ac
431 4023 470 4127 si
504 4075 698 4126 diceret
712 4109 729 4135 ,
767 4077 905 4123 rotas
929 4108 946 4135 ‚
990 4070 1207 4124 elateres
1225 4109 1242 4135 ,
1289 4072 1342 4123 &
1379 4070 1582 4139 reliqua

348 4141 598 4194 machinae
636 4140 859 4203 alicujus
879 4139 1111 4199 membra
1143 4140 1197 4191 id
1215 4137 1416 4191 fafitura
1445 4136 1583 4191 seor-

346 4207 440 4260 sim
460 4247 476 4273 ‚
507 4211 645 4277 quod
662 4207 980 4273 conjunctim
998 4206 1218 4263 faciunt.
1280 4207 1380 4260 Sed
1402 4214 1463 4260 ut
1482 4206 1582 4260 hoc

349 4292 553 4344 quoque
572 4276 884 4344 largiamur:
942 4276 1208 4330 Habemus
1226 4277 1435 4330 tandem
1453 4273 1582 4329 Infi-

347 4344 462 4397 nita
477 4344 686 4399 Semina
703 4360 799 4414 per
815 4345 977 4400 Inane
992 4342 1258 4404 infinitum
1280 4345 1394 4415 pari
1414 4342 1579 4415 passu,

1655 2392 1995 2448 immensitate
2010 2394 2368 2448 Latitudinum
2390 2434 2407 2460 ‚
2431 2396 2839 2464 Longitudinum
2863 2437 2887 2462 ‚

1654 2463 2005 2516 Altitudinum
2022 2502 2039 2528 ‚
2086 2461 2300 2516 Infinita
2318 2465 2397 2516 vis
2419 2463 2890 2520 innumerabilium

1653 2531 1843 2585 volitat
1856 2532 2163 2586 Atomorum
2181 2570 2198 2596 ,
2217 2547 2326 2600 quae
2340 2532 2613 2597 interjecto
2628 2533 2779 2586 Inani
2796 2551 2892 2587 co-

1654 2598 1938 2654 haerescunt
1953 2608 2124 2654 tamen
2144 2600 2280 2654 inter
2296 2598 2346 2654 se
2369 2640 2385 2665 ‚
2423 2603 2474 2655 St.
2492 2601 2620 2654 Aliae
2638 2602 2765 2654 alias
2791 2620 2889 2670 ap-

1652 2670 2030 2736 prehendentes
2050 2670 2434 2734 continuantur,
2445 2686 2511 2723 ex
2529 2686 2630 2739 quo
2647 2669 2891 2725 efficiun-

1652 2744 1741 2791 tur
1763 2738 1838 2791 hae
1859 2754 2034 2791 rerum
2052 2736 2231 2790 formae
2254 2740 2306 2792 &
2331 2737 2526 2807 figurae.
2580 2739 2730 2793 Unde
2752 2741 2909 2794 verb-

1654 2805 1782 2859 Aliae
1801 2806 1928 2858 alias
1947 2806 2366 2873 apprehendant,
2416 2824 2532 2861 cum
2553 2809 2665 2876 pari
2687 2808 2892 2863 veloci-
2994 2830 2995 2833 ¹

1655 2882 1760 2929 tate
1785 2891 1963 2931 omnes
1986 2875 2223 2929 ferantur
2243 2876 2269 2929 ⁴?
2308 2878 2415 2931 viz.
2485 2875 2727 2930 Paullum
2758 2915 2775 2942 ‚
2826 2880 2890 2933 Sc

1656 2942 1810 3012 quam
1845 2943 2121 2997 minimum
2166 2944 2430 2999 declinant
2447 2983 2465 3010 ‚
2504 2962 2557 2999 v.
2588 2961 2705 2999 221.
2779 2946 2889 3000 Sed

1657 3014 1674 3066 i
1713 3010 1763 3065 sa
1799 3013 1904 3066 haec
1943 3013 2218 3067 declinatio
2258 3015 2322 3066 ad
2358 3013 2631 3067 libidinem
2665 3012 2890 3081 fingitur

1657 3029 1778 3204 {ait
1799 3082 1939 3135 enim
1968 3083 2234 3135 Lucretim
2254 3082 2516 3137 declinare
2536 3082 2749 3136 Atomos
2774 3081 2888 3137 fine

1699 3148 1818 3204 ausa
1837 3190 1854 3216 ,
1892 3168 1994 3219 quo
2016 3151 2151 3203 nihil
2164 3152 2367 3217 turpius
2385 3148 2631 3221 Phyfico)
2654 3153 2706 3205 &
2726 3151 2890 3207 illum

1655 3227 1856 3274 motum
1871 3220 2162 3274 naturalem
2189 3220 2423 3272 omnium
2447 3221 2735 3287 ponderum
2758 3218 2892 3273 ere-

1655 3290 1809 3356 gione
1863 3288 2166 3341 inferiorem
2219 3287 2394 3341 locum
2444 3290 2731 3356 petentium
2774 3287 2890 3342 fine

1657 3356 1818 3411 Causa
1839 3358 2030 3424 eripuit
2044 3357 2262 3409 Atomis.
2302 3357 2415 3410 Nec
2430 3366 2604 3412 tamen
2618 3358 2670 3411 id
2692 3396 2708 3423 ‚
2730 3359 2890 3422 cujus

1655 3424 1803 3481 causa
1825 3427 1929 3479 haec
1948 3424 2170 3478 finxerat
2186 3464 2203 3490 ,
2228 3423 2480 3480 assecutus
2502 3425 2572 3480 est
2594 3442 2610 3487 3
2635 3443 2753 3479 nam
2775 3426 2891 3481 five

1655 3512 1833 3549 omnes
1854 3495 2028 3548 Atomi
2051 3493 2384 3548 declinabunt
2407 3534 2423 3559 ‚
2471 3494 2628 3548 nullae
2650 3512 2889 3564 unquam

1654 3561 2026 3624 cohaerescent3
2060 3561 2166 3616 five
2201 3563 2313 3616 aliae
2354 3561 2689 3618 declinabunt
2705 3603 2722 3627 ,
2769 3564 2890 3618 aliae

1653 3632 1743 3687 suo
1760 3640 1893 3688 nutu
1911 3630 2046 3685 reste
2067 3631 2306 3686 ferentur
2327 3670 2344 3697 ‚
2363 3633 2465 3687 erit
2486 3632 2584 3686 hoc
2603 3630 2743 3702 quali
2763 3649 2894 3699 pro-

1653 3703 1851 3756 vincias
1869 3702 2070 3755 Atomis
2090 3702 2209 3755 dare
2229 3740 2247 3766 ,
2268 3718 2377 3771 quae
2402 3699 2538 3755 reste
2558 3739 2574 3767 ,
2614 3717 2724 3770 quae
2748 3701 2894 3755 obli-

1654 3768 1752 3841 que
1769 3770 2021 3825 ferantur.
2085 3770 2471 3837 Tullimprimo
2494 3771 2556 3822 de
2572 3767 2811 3824 Finibus.

1722 3864 1873 3918 Hanc
1902 3862 2261 3918 difficultatem
2279 3861 2432 3918 sensit
2450 3861 2557 3932 ipse
2575 3864 2851 3917 Lucretius
2868 3902 2889 3931 ,

1652 3949 1704 3986 v.
1737 3948 1855 3998 225.
1883 3932 1975 3986 ubi
2003 3949 2107 3985 non
2130 3941 2234 3986 tam
2258 3931 2444 3998 solvit,
2490 3932 2644 4001 quam
2677 3934 2733 3985 vi
2767 3934 2891 3997 eius

1652 3998 1939 4055 succumbit
1961 3999 2223 4069 oppressus
2251 4004 2302 4055 Sc
2321 4000 2600 4068 prostratus
2638 4018 2653 4052 t
2700 4001 2803 4054 Sed
2827 4018 2888 4055 v.

1652 4084 1773 4134 251.
1812 4069 1969 4122 aliam
1991 4069 2349 4124 difficultatem
2367 4078 2543 4124 movet
2559 4108 2576 4135 ‚
2615 4070 2767 4135 cujus
2786 4086 2892 4136 ope

1652 4139 1761 4191 vim
1785 4139 1974 4205 prioris
1996 4137 2227 4206 effugere
2246 4146 2462 4193 conatur
2484 4154 2501 4198 ς
2538 4137 2661 4203 vel,
2705 4146 2768 4192 ut
2794 4139 2896 4193 Se-

1688 4206 1737 4259 ia
1753 4244 1769 4270 ,
1792 4206 2030 4261 tenebras
2056 4208 2107 4261 &
2135 4207 2410 4274 caliginem
2426 4206 2672 4272 offundit,
2699 4214 2759 4261 ut
2784 4206 2895 4260 dif-

1650 4222 1842 4328 ficilius
1859 4276 2087 4329 inveniri
2105 4278 2158 4329 8c
2176 4277 2290 4343 capi
2309 4274 2475 4358 poffit.
2531 4273 2721 4331 Afferit
2743 4276 2895 4330 enim

1650 4342 1757 4401 fine
1779 4343 1871 4400 ista
1906 4342 2162 4409 seminum
2183 4345 2546 4403 Declinatione
2565 4345 2896 4401 Libertatem

2575 4414 2894 4481 voluntatis,
