3064 4747
801 190 1288 301 LIBER
1388 220 2033 303 Pul-Mus.

2605 252 2688 322 5¹

237 341 331 415 At
354 341 523 431 saepe
540 341 619 413 in
641 342 898 430 magnis
919 339 1002 415 fit
1019 342 1389 428 montibus,
1415 341 1661 429 inquis,
1688 364 1767 417 ut
1789 345 1934 417 altis
2005 343 2081 398 A*
2140 345 2332 412 inquies
2381 346 2438 399 in
2501 353 2694 415 unguis

145 434 529 508 Arboribus
554 434 766 503 vicina
791 434 1130 505 cacumina
1151 430 1408 503 summa
1436 453 1735 505 terantur

114 570 117 575 <
143 524 328 598 Inter
356 520 445 603 se,
470 521 706 593 validis
731 519 934 592 facere
958 522 1022 592 id
1046 522 1436 610 cogentibus
1461 522 1715 595 Austris
1733 574 1759 611 ,

142 615 391 685 Donec
418 609 743 682 fulserunt
767 612 1052 682 flammae
1078 609 1334 700 fulgore
1359 613 1633 684 coorto:

147 704 452 776 Scilicet:
481 692 544 771 Sc
564 725 704 771 non
727 700 819 772 est
840 703 1031 790 lignis
1053 722 1277 772 tamen
1295 699 1528 774 infitus
1551 704 1759 790 Ignis,
1798 727 1935 791 900

145 794 410 863 Verum
439 792 707 864 Semina
728 788 881 862 sunt
906 792 1168 863 Ardoris
1189 792 1398 863 multa
1418 842 1440 877 ,
1471 794 1753 864 terendo

147 886 323 969 Quae
349 905 512 951 cum
532 880 906 952 confluxere
933 932 952 962 ‚
992 899 1215 953 creant
1242 882 1547 952 incendia
1569 879 1789 970 sylvis.

145 973 362 1061 Qod
388 969 437 1040 ss
466 989 645 1041 tanta
663 967 836 1043 foret
857 967 1057 1058 sylvis
1083 969 1459 1043 abscondita
1481 972 1748 1059 flamma
1764 1023 1791 1060 ,

143 1062 307 1134 Non
332 1058 588 1147 pofl'ent
610 1061 818 1131 ullum
846 1066 1107 1151 tempus
1130 1062 1393 1132 celarier
1421 1064 1614 1150 Ignes
1640 1088 1657 1130 ε
1689 1136 1694 1143 ,

145 1151 584 1223 Conficerent
604 1150 804 1238 volgo
824 1148 1068 1238 sylvas,
1078 1149 1353 1223 Arbusta
1372 1168 1757 1224 cremarent.
1795 1175 1931 1241 905

228 1243 482 1329 Jamne
509 1239 691 1310 vides
714 1242 938 1328 igitur,
971 1242 1190 1328 paullo
1216 1241 1395 1329 quod
1418 1242 1710 1330 diximus
1731 1261 1883 1315 ante
1906 1290 1928 1325 ,

143 1331 504 1419 Permagni
532 1327 774 1400 referre
791 1332 1018 1407 ‚eadem
1042 1331 1411 1401 Primordia
1432 1329 1598 1419 saepe

144 1420 629 1506 Cum-quibus,
669 1423 731 1491 &
766 1421 939 1508 quali
967 1418 1256 1508 pofitura
1283 1423 1790 1510 contineantur,

141 1508 227 1584 Et
252 1535 437 1598 quos
467 1510 642 1581 inter
665 1507 727 1582 se
756 1515 921 1582 dent
948 1529 1168 1582 motus
1193 1559 1217 1593 ,
1251 1511 1700 1603 accipiantque
1724 1541 1745 1592 3

144 1606 373 1688 Atque
399 1600 628 1670 eadem
652 1602 873 1687 paullo
894 1602 1064 1671 inter
1089 1598 1153 1671 se
1178 1620 1430 1673 mutata
1458 1626 1677 1673 creare

144 1692 366 1781 Igneis
388 1690 426 1760 ὲ
449 1690 672 1777 Lignis
694 1740 717 1775 ,
742 1715 876 1776 quo
901 1695 1089 1777 pacto
1112 1692 1334 1762 Verba
1360 1715 1624 1780 quoque
1645 1689 1777 1781 ipsa

143 1782 327 1853 Inter
346 1777 412 1850 se
438 1782 653 1867 paullo
674 1782 940 1851 mutatis
960 1778 1112 1851 sunt
1133 1782 1475 1853 elementis
1498 1833 1519 1862 ‚

145 1873 329 1944 Cum
354 1873 411 1941 L
434 1892 459 1942 1
485 1891 536 1943 G
558 1892 612 1941 N-
639 1895 678 1942 A
701 1920 725 1956 ‚
780 1888 976 1958 atque
1012 1871 1044 1943 I
1067 1892 1118 1944 G
1138 1892 1192 1944 N
1214 1892 1256 1944 Ε
1279 1894 1310 1944 s
1353 1871 1656 1944 distincta
1673 1896 1841 1945 voce

426 1982 759 2032 notemuS.

236 2048 559 2137 Denique
583 2052 713 2138 jam
736 2074 1084 2139 quaecunq3
1109 2050 1177 2121 in
1200 2049 1402 2122 rebus
1431 2051 1642 2123 cernis
1663 2052 1927 2142 aperti3‚

152 2140 215 2212 Si
236 2138 384 2210 fieri
408 2164 548 2210 non
571 2139 741 2227 poffe
760 2162 950 2227 putas
971 2191 1000 2226 ,
1032 2141 1197 2228 quin
1218 2142 1527 2212 Materia‘i
1793 2164 1878 2223 91
1897 2164 1933 2227 5

153 2231 454 2317 Corpora
474 2228 795 2301 consimili
816 2248 1050 2308 natura
1070 2231 1339 2318 praedita
1359 2228 1573 2318 fingas
1590 2281 1640 2325 ,Ι

148 2320 291 2398 Hac
313 2322 571 2392 ratione
595 2320 714 2391 tibi
736 2339 1012 2409 percunt
1034 2320 1401 2392 Primordia
1424 2338 1688 2392 rerum':

148 2412 291 2482 Fiet
313 2412 412 2482 uti
437 2409 567 2482 risu
594 2413 880 2482 tremulo
910 2408 1204 2482 concuffa
1232 2409 1628 2483 cachinnent
1646 2461 1672 2498 ,

1792 1625 1928 1689 910

2004 412 2383 481 montibussaepe
2399 416 2694 481 accidit‚vi.

2004 485 2231 534 cinarum
2265 483 2512 535 Arborum
2531 502 2691 543 ramos

2004 551 2175 603 valido
2205 561 2357 602 vento
2376 554 2596 618 agitante
2613 557 2694 608 in-

2005 629 2081 671 ter
2107 618 2168 680 se
2200 619 2297 670 teri
2338 621 2486 673 donec
2523 640 2693 676 accen-

2005 688 2204 740 dantur.
2251 689 2565 743 concedimus
2581 711 2599 744 .·
2619 693 2692 745 In

2004 757 2278 808 Arboribus
2324 767 2487 810 tamen
2547 761 2692 825 Ignis

2004 842 2098 875 non
2114 824 2389 877 includitur
2405 827 2520 891 ‚sed
2535 831 2692 882 multa

2003 892 2150 958 Ignis
2152 892 2366 958 semina,
2382 913 2489 963 quae
2505 897 2597 962 ista
2613 907 2692 950 at-

2003 963 2206 1013 tritione
2245 963 2299 1013 in
2342 981 2494 1016 unum
2531 965 2694 1020 locum

2006 1029 2197 1081 collecta
2218 1033 2486 1086 accendunt
2488 1033 2685 1101 sylva.

1927 1120 1930 1125 ·
2000 1098 2153 1165 ,Quod
2168 1098 2229 1166 st
2251 1108 2394 1151 tanta
2428 1103 2514 1154 vis
2543 1103 2692 1169 Ignis

2002 1170 2057 1218 in
2111 1167 2380 1220 Arboribus
2420 1171 2556 1223 inclu
2590 1191 2693 1225 ere-

2001 1246 2087 1287 tur
2106 1274 2124 1299 ,
2179 1254 2237 1288 ne
2265 1250 2356 1304 per
2393 1257 2578 1293 momen
2640 1260 2690 1292 m

2001 1306 2197 1371 quidem
2253 1308 2482 1373 temporis
2538 1309 2690 1362 celari

1995 1375 2138 1440 poſjit
2153 1413 2170 1439 ,
2187 1375 2357 1442 paffim
2373 1375 2441 1436 Εἴ
2456 1375 2690 1431 continue)

1987 1441 2166 1507 nylvac
2215 1442 2512 1504 conficmeret
2533 1485 2549 1511 ‚

2620 1446 2691 1508 ΕΤ

2001 1513 2191 1563 arbores
2214 1523 2469 1565 cremaret.
2505 1517 2690 1568 Nonne

1998 1581 2160 1645 igitur
2161 1582 2276 1644 jam
2283 1600 2462 1634 verum
2475 1583 2695 1650 agnosce?

1999 1648 2124 1715 quod
2132 1651 2277 1715 paulo
2293 1661 2406 1702 ante
2420 1652 2688 1718 docuimus,

1950 1760 1954 1771 .
2002 1717 2226 1770 Plurimi
2279 1721 2561 1788 plerumque
2611 1725 2695 1789 in-

2002 1781 2162 1855 tereffe
2204 1804 2314 1838 cum
2348 1788 2523 1855 quibus
2578 1791 2692 1843 aliis

1998 1857 2264 1922 principiis
2282 1893 2299 1921 ‚
2321 1857 2541 1925 &quali
2559 1861 2693 1912 ordi-

2005 1942 2063 1974 ne
2068 1923 2262 1984 semina
2283 1924 2581 1989 mil‘centur5
2622 1928 2693 1988 &³

2004 2008 2120 2060 quos
2139 1995 2288 2043 etiam
2308 2005 2467 2045 motus
2486 1995 2601 2048 dent
2623 1996 2693 2058 ΕΤ

2003 2062 2249 2127 recipiant
2285 2063 2504 2124 viczffi‘m
2527 2083 2545 2116 .·
2591 2062 2695 2117 Ea-

2004 2130 2201 2197 demque
2219 2129 2418 2191 Jemina
2436 2135 2694 2197 paululum

2004 2200 2138 2250 inter
2158 2197 2219 2260 se
2244 2209 2437 2250 mutata
2462 2219 2696 2266 generare

2003 2266 2157 2334 Ignes
2175 2267 2197 2318 ὲ
2213 2268 2393 2335 Lignis
2410 2306 2427 2332 ,
2446 2288 2538 2336 quo
2550 2269 2694 2337 paeto

2003 2353 2147 2388 voces
2179 2354 2364 2405 quoque
2383 2337 2501 2405 ipsae
2530 2339 2694 2407 Ligna

2007 2404 2075 2466 ΕΤ
2106 2406 2296 2472 Ignes,
2346 2408 2463 2458 licet
2490 2406 2694 2468 diversa

1998 2474 2140 2540 plane
2162 2476 2402 2525 vocabula
2435 2475 2503 2535 δ’
2524 2478 2695 2527 diver·

137 2543 223 2604 sos
238 2560 316 2595 res
314 2539 664 2607 fignificantia
684 2580 701 2605 ‚
743 2541 903 2593 literis
922 2540 1177 2607 paululum
1196 2538 1498 2608 transpositis
1521 2537 1591 2599 Εἴ
1609 2541 1818 2592 mutatis
1833 2542 1888 2593 in
1898 2539 1958 2601 se
1977 2546 2199 2610 invicem
2233 2547 2461 2606 converti
2483 2539 2689 2613 pofficnt.

147 2613 374 2679 Denique
370 2608 433 2677 st
445 2609 561 2675 istas
580 2628 656 2662 res
706 2628 792 2662 uas
810 2609 963 2671 sensu
976 2612 1278 2677 percipimus
1297 2612 1461 2662 credas
1475 2612 1708 2672 generari
1722 2626 1816 2661 non
1829 2606 1954 2679 polle
1972 2652 1990 2677 ‚
2051 2610 2149 2675 nili
2163 2613 2330 2678 fingat
2343 2615 2510 2680 prima
2526 2630 2694 2665 rerum

147 2680 552 2741 iL'arumJemina
573 2680 652 2742 eju
679 2680 782 2730 dem
802 2678 1020 2746 &plani
1034 2677 1223 2745 stmilis
1236 2689 1429 2732 nuturae
1448 2674 1532 2747 effe
1554 2714 1571 2743 ,
1602 2677 1766 2729 aetum
1784 2678 2006 2746 profectio
2021 2676 2129 2750 fft
2147 2681 2203 2732 de
2224 2698 2389 2732 rerum
2403 2684 2687 2751 principiis.

150 2742 351 2802 Exinde
371 2751 505 2800 enim
508 2747 800 2816 sequeretur
807 2746 1005 2809 semina
1021 2748 1366 2816 quaedamfore
1383 2788 1401 2813 ,
1428 2765 1536 2815 quae
1553 2742 1769 2816 concuffiz
1786 2748 1895 2810 risu
1913 2751 2119 2803 tremulo
2142 2750 2493 2802 cachinnarent
2509 2790 2527 2818 ,

1282 2818 1604 2872 NOTAE.

152 2886 165 2891 ’
219 2890 341 2952 896.
365 2886 440 2938 At
445 2884 581 2953 saepe
601 2887 656 2937 in
673 2886 880 2951 magnis,
910 2882 1053 2948 εἴα]
1100 2885 1387 2951 Proponit,
1460 2886 1573 2937 curi
1603 2882 1909 2940 sententiam
1944 2846 2150 2955 egregii}
2193 2884 2501 2941 confirmat:
2540 2888 2691 2941 Com·

151 2954 408 3023 solvitque
427 2972 477 3006 v.
490 2971 569 3007 10.
597 2955 733 3022 quod
748 2955 1075 3018 Anaxagoras
1090 2954 1308 3021 urgebat
1326 2956 1388 3007 ad

147 3024 473 3093 probandum
492 3023 682 3077 Omnia
703 3024 758 3075 in
779 3022 1031 3075 Omnibus
1049 3021 1148 3074 esse
1171 3060 1187 3087 ,
1235 3030 1388 3092 atque

152 3094 279 3145 adeo
299 3093 487 3146 Omnia
503 3093 741 3158 generari
758 3109 823 3144 ex
845 3091 1119 3144 Omnibus.
1196 3091 1389 3146 Exem-

152 3162 297 3227 plum
323 3163 430 3215 viZ.
453 3162 478 3212 I
517 3162 597 3213 nis
617 3198 635 3226 ‚
679 3161 767 3228 qui
785 3160 946 3213 latere
966 3160 1149 3213 debeat
1164 3161 1219 3213 in
1238 3159 1386 3214 arbo-

153 3229 295 3283 ribus
339 3230 463 3283 colli
487 3246 604 3282 ione
640 3229 936 3282 vehementi
980 3226 1380 3296 ignescentibus.

156 3295 444 3366 Respondet
466 3298 734 3362 Lucretius
752 3336 769 3361 ,
814 3298 867 3352 N
870 3314 938 3350 on
968 3297 1152 3365 Ignem
1175 3298 1386 3365 quidem

156 3365 249 3419 effe
272 3368 326 3419 in
347 3367 529 3420 arbore
548 3364 657 3434 ipsa
677 3406 694 3432 ,
735 3365 818 3419 sed
835 3366 1009 3421 tamen
1028 3364 1224 3419 semina
1240 3367 1384 3435 Ignis

156 3432 238 3488 scu
254 3436 537 3496 moleculas
556 3437 863 3501 Atomorum
880 3474 897 3500 ,
925 3452 1034 3503 quae
1053 3443 1192 3488 certa
1208 3452 1266 3488 ac
1292 3452 1385 3488 no-

155 3518 216 3555 va
263 3506 464 3558 ratione
499 3502 746 3572 dispofitae
787 3502 1008 3571 speciem
1051 3504 1197 3571 Ignis
1238 3504 1385 3558 exhi-

157 3570 329 3625 beant:
361 3591 479 3626 nam
502 3574 738 3643 alioquin
757 3571 796 3626 si
814 3574 958 3640 Ignis
978 3572 1111 3640 Astu
1130 3574 1181 3626 &
1202 3589 1385 3626 revera

84 3651 89 3659 ’
157 3640 207 3691 in
237 3639 398 3709 sylvis
433 3641 571 3696 foret
594 3681 611 3707 ,
657 3643 702 3695 is
741 3642 880 3695 haud
916 3638 1072 3694 dubie
1103 3638 1219 3695 suas
1244 3641 1384 3694 vires

154 3708 321 3775 passim
346 3710 641 3764 ostentaret.

154 3790 332 3900 Αέζί99.
374 3781 429 3833 F
424 3780 652 3842 afferunt
671 3780 913 3833 Flamma»
923 3777 1135 3845 fulgore
1153 3773 1380 3845 cob'rto‚]

350 3917 406 3969 F
401 3918 614 3970 lammeri·
613 3915 879 3982 fulserunt
897 3915 1211 3981 Ignecob’rto
1226 3933 1246 3969 .·

154 3981 251 4038 Alii
272 3981 299 4038 ὲ
324 3986 594 4042 veteribus
609 3987 769 4039 Codd.
793 3985 949 4052 longe
969 3984 1158 4037 melius
1180 4021 1201 4050 ‚

348 4055 630 4118 Fulseruni'
643 4054 698 4106 F
695 4055 905 4106 lamma?
904 4055 1039 4120 flore
1055 4058 1240 4105 coorto.

213 4128 329 4188 906.
376 4123 571 4186 Jamne
586 4124 732 4175 vides
744 4125 925 4188 igitur,
951 4122 1064 4183 &a
1086 4118 1113 4185 ]
1174 4121 1383 4175 Semina

152 4193 305 4247 multa
332 4192 477 4259 Ignis
513 4193 571 4243 in
599 4191 778 4258 Lignis
801 4190 962 4244 latere
981 4188 1138 4258 supra
1157 4187 1384 4243 affirma-

150 4271 304 4325 verat,
334 4260 429 4313 illa
443 4268 621 4315 autem
641 4260 807 4327 Ligna
821 4259 913 4313 ista
936 4275 1043 4313 non
1059 4257 1379 4320 confiunere‚

151 4330 258 4395 quia
281 4329 401 4383 aliis
422 4326 635 4382 diversae
656 4326 835 4395 figurae
856 4326 1139 4382 seminibus
1162 4324 1383 4394 impedi-

149 4400 194 4448 ta
229 4396 450 4467 speciem
474 4394 802 4466 formamque
838 4396 864 4451 1
941 4398 985 4449 is
1017 4396 1234 4448 induere
1275 4406 1383 4448 non

146 4475 421 4531 perueniat
442 4484 461 4529 3
486 4468 542 4522 Sc
563 4467 688 4525 inde
706 4482 761 4520 v.
780 4477 829 4530 8.
880 4481 1010 4551 apsa
1023 4460 1241 4536 pomam
1254 4461 1383 4532 Epi-

1453 3981 1572 4037 fieri
1591 3983 1916 4052 probaretur.

1508 4067 1628 4118 917.
1650 4052 1855 4117 Rerum,

1690 4525 1812 4594 D‘a

1459 2955 1637 3007 munia
1653 2993 1670 3018 ‚
1693 2956 1798 3007 viz.
1825 2953 1925 3009 effe
1942 2955 2224 3009 multarum
2243 2973 2419 3009 rerum
2435 2958 2492 3009 in
2510 2952 2690 3009 multis

1457 3023 1612 3076 rebus
1630 3021 1841 3089 semina,
1863 3026 2041 3077 eadem
2055 3025 2312 3092 principia
2329 3024 2690 3090 Coelum,Ter-

1483 3107 1558 3156 aS,
1581 3092 1752 3157 Mare,
1774 3095 1949 3146 omnia
1963 3094 2184 3161 denique
2204 3093 2544 3153 constituere3
2569 3093 2687 3147 ideo

1455 3167 1630 3213 autem
1647 3178 1729 3213 res
1750 3159 1975 3215 diversas
1991 3160 2089 3214 effe
2108 3162 2229 3230 quia
2245 3161 2348 3214 alia
2363 3160 2559 3216 semina
2570 3161 2685 3215 aliis

1456 3227 1666 3281 diversae
1683 3225 1860 3296 figurae
1877 3228 2079 3284 diverso
2103 3231 2283 3283 ordine
2298 3233 2607 3298 junguntur,
2632 3232 2685 3284 Sc

1455 3293 1793 3352 diverfimode
1826 3306 2103 3352 moventur
2121 3336 2138 3362 ,
2175 3307 2235 3353 ut
2269 3300 2325 3352 in
2353 3299 2570 3352 vocibus
2592 3299 2690 3353 LI-

1455 3365 1605 3420 GNA
1633 3368 1685 3419 &
1718 3367 1917 3420 IGNIS
1938 3383 2236 3421 communes
2257 3365 2376 3421 sunt
2392 3368 2555 3422 literae
2570 3406 2587 3434 ‚
2632 3376 2687 3422 at

1455 3451 1609 3487 voces
1627 3432 1745 3501 ipsae
1766 3433 1884 3490 sunt
1904 3433 2131 3489 diversae.

1523 3513 1644 3568 908.
1676 3506 2031 3556 Contineantur
2046 3543 2063 3569 ,
2087 3503 2112 3569 ]
2149 3504 2256 3557 Alii
2277 3506 2650 3571 conjungantur
2665 3523 2685 3558 .·

1461 3573 1823 3637 Continguntur
1838 3611 1856 3638 ‚
1878 3573 1941 3626 B.
1964 3574 2102 3625 unde
2124 3575 2501 3648 Contignantur.

1523 3656 1644 3705 914.
1666 3641 1892 3709 Denique
1896 3643 2010 3704 jam
2032 3659 2342 3710 quaecunque,
2364 3641 2508 3707 δικ]
2547 3642 2689 3696 Ulti-

1455 3725 1599 3761 mum
1616 3719 1982 3776 argumentum
1997 3718 2176 3764 contra
2193 3713 2554 3778 Anaxagoram
2569 3709 2688 3764 sub-

1453 3778 1570 3842 jicit
1613 3795 1680 3830 ex
1714 3775 1931 3832 absurdo
1973 3796 2027 3833 v.
2066 3783 2116 3833 6.
2191 3781 2224 3833 8
2291 3788 2504 3834 ueretur
2545 3781 2684 3834 enim

1458 3846 1788 3915 ὁμοιομερείας
1806 3845 2031 3900 ridentes
2048 3885 2065 3914 ,
2110 3848 2269 3902 flente
2293 3865 2392 3916 que
2413 3886 2430 3912 ,
2469 3851 2523 3901 &
2557 3848 2684 3900 alias

1454 3916 1508 3968 id
1537 3931 1703 3983 genus
1735 3913 2006 3982 constitui,
2046 3924 2109 3970 ut
2143 3918 2317 3969 omnia
2344 3934 2411 3969 ex
2429 3914 2683 3971 similibus

1951 4052 2167 4121 Aliquid
2198 4050 2362 4105 deess'e
2384 4058 2474 4105 aut
2489 4052 2683 4107 inverti

1452 4117 1735 4189 suspicatur
1763 4121 1852 4178 (ἔμ’
1879 4123 2029 4175 endm
2050 4160 2067 4185 ,
2100 4129 2190 4175 aut
2221 4119 2357 4174 certe
2375 4120 2684 4186 particulam

1453 4189 1530 4241 Et
1567 4187 1973 4244 interserendam
2008 4189 2108 4243 effe
2144 4188 2253 4256 post
2288 4203 2474 4241 rerum.

1452 4256 1726 4312 Lambinus
1747 4276 1764 4309 :
1794 4258 1847 4312 δι
1865 4257 1942 4311 Hi
1958 4254 2218 4326 disputent
2234 4275 2247 4309 :
2265 4255 2370 4310 five
2385 4259 2684 4326 interponas

1452 4324 1529 4378 Et
1545 4365 1562 4391 ,
1584 4324 1692 4378 five
1710 4326 1915 4390 reficias
1930 4362 1952 4391 ‚
1965 4329 2146 4380 eadem
2165 4325 2236 4380 est
2251 4329 2544 4391 argumenti
2561 4329 2645 4382 vis
2665 4366 2683 4394 ‚

1453 4396 1507 4448 &
1549 4392 1641 4463 qui
1670 4393 1847 4451 nullos
1880 4396 1937 4448 in
1973 4394 2214 4447 Lucretio
2247 4395 2649 4468 hiatusepatitur
2664 4433 2700 4464 ,.

1450 4462 1554 4532 me
1573 4462 1646 4517 est
1660 4463 1825 4524 nimis
1836 4462 2045 4532 elegam
2058 4499 2081 4529 ‚
2101 4464 2156 4518 ec
2170 4459 2421 4536 moroijm.
2456 4503 2460 4510 .

2565 4189 2685 4244 Alia

2614 4527 2688 4590 ²*
2857 4567 2936 4626 f
