3064 4747
607 175 1255 287 ³²‘LIB'ER
1352 194 1403 273 S

159 320 451 381 Voluntatis
468 359 486 391 ‚
546 335 702 394 quam
723 326 780 396 in
803 326 1044 383 omnibus
1064 325 1390 383 Animalibus

158 392 443 459 sentimus,
485 394 739 463 explicari
756 413 861 449 non
882 396 1038 463 poffe.
1096 395 1399 465 Respondet

163 466 333 517 cicero
381 464 473 515 lib.
524 464 579 517 I.
626 465 684 516 de
728 475 910 517 natura
944 466 1180 518 Deorum.
1274 465 1390 518 Hoc

159 530 382 603 persaepe
417 530 594 586 facitis
616 531 877 599 Epicuraei
893 572 909 597 ‚
947 539 1009 587 ut
1046 550 1165 587 eum
1190 533 1389 602 aliquid

157 618 258 655 non
279 598 568 653 verisimile
586 601 769 655 dicatis
791 640 809 665 ‚
849 604 901 656 &
937 600 1390 669 reprehensionem

161 670 393 736 effugere
437 670 616 723 velitis
648 706 667 735 ‚
746 669 971 736 efferatis
1010 671 1209 740 aliquid
1252 671 1389 739 quod

159 736 373 793 omninb
405 754 474 789 ne
503 735 632 791 fieri·
651 737 836 805 poffit:
875 736 949 793 Ut
971 737 1127 793 satius
1146 738 1392 793 fueritih

157 805 245 862 lud
277 803 456 873 ipsum
475 842 493 871 ‚
546 806 609 859 de
641 823 742 875 quo
777 808 1133 876 ambigebatur
1152 846 1169 874 ‚
1207 824 1391 862 eonce-

159 878 275 931 dere
305 892 327 935 ς
391 873 547 942 quam
588 883 696 928 tam
739 876 1068 944 impudenter
1111 875 1337 931 resistere
1373 895 1387 930 ι

159 945 318 1000 Velut
353 943 649 1009 Epicurus·‚
687 939 805 997 cum
828 947 1066 1012 videret,
1126 946 1182 998 Si
1216 946 1392 998 Atomi

157 1010 428 1068 ferrentur
460 1013 516 1064 in
538 1012 714 1065 locum
731 1013 1037 1067 inferiorem
1066 1012 1396 1081 suoptepon·

155 1085 277 1137 dere
300 1119 319 1148 ‚
360 1080 501 1133 nihil
521 1079 636 1134 fore
654 1082 710 1133 in
745 1082 913 1135 nostra
933 1082 1178 1150 potestate
1195 1122 1213 1148 ‚
1254 1082 1392 1151 quod

157 1149 281 1205 effet
316 1165 511 1203 eorum
545 1157 716 1203 motus
750 1158 922 1205 certus
966 1153 1019 1205 &
1042 1150 1389 1205 necessarius:

159 1219 377 1274 Invenit
404 1234 510 1286 quo
536 1219 689 1271 modo
724 1217 1068 1273 neceffitatem
1106 1219 1391 1288 effugeret,

158 1289 295 1358 quod
312 1324 334 1352 ‚
365 1287 476 1341 viz.
515 1286 855 1340 Democritum
878 1287 1115 1356 fugerat:
1157 1290 1394 1358 AitAto-

159 1374 304 1411 mum
320 1389 340 1419 ‚
390 1354 514 1408 cum
552 1356 778 1421 pondere
816 1358 868 1409 &
908 1357 1162 1425 gravitate
1196 1358 1391 1413 direstb

157 1422 405 1480 deorsum
422 1422 657 1490 feratur,
696 1425 957 1479 declinare
978 1426 1233 1493 paullum.
1275 1426 1391 1480 Hoc

159 1496 335 1548 dicere
389 1494 600 1560 turpius
650 1492 721 1547 est
754 1532 771 1558 ,
822 1495 977 1562 quam
1011 1495 1147 1549 illud
1176 1535 1194 1561 ,
1254 1497 1391 1563 quod

159 1564 310 1627 vult,
350 1573 460 1615 non
489 1548 628 1628 posse
660 1561 955 1616 defendere.
1030 1565 1100 1617 Et
1119 1564 1291 1620 ,Libro
1329 1566 1391 1617 de

159 1634 309 1686 Fato.
408 1630 661 1697 Epicurus
705 1647 812 1684 uno
855 1640 1087 1700 tempore
1132 1649 1213 1686 res
1265 1635 1391 1686 duas

159 1699 374 1767 suscipit
394 1698 753 1754 inenodabiles
772 1738 788 1765 ,
824 1713 985 1754 unam
1003 1741 1020 1766 ‚
1057 1709 1118 1755 ut
1138 1699 1245 1755 fine
1261 1703 1393 1756 Cau-

161 1768 210 1823 sa
241 1767 339 1822 fiat
371 1766 572 1835 aliquid
602 1802 620 1834 ,
678 1784 746 1821 ex
775 1783 876 1838 quo
911 1770 1093 1854 existet
1126 1778 1188 1823 ut
1218 1772 1281 1824 de
1312 1771 1392 1823 ni·-

161 1839 269 1892 hilo
310 1837 583 1905 quippiam
616 1830 745 1898 fiat3
820 1840 959 1906 quod
995 1855 1091 1891 nec
1127 1837 1222 1907 ipsi
1241 1878 1258 1904 ‚
1297 1856 1392 1893 nec

164 1908 409 1974 cuiquam
429 1901 646 1973 Phyfico
666 1905 870 1973 placet3
906 1907 1122 1960 alteram
1141 1945 1158 1973 ,
1196 1916 1255 1962 ut
1274 1907 1394 1962 cum

165 1977 265 2029 duo
308 1973 595 2033 Individua
635 1991 728 2041 per
765 1976 1075 2030 Inanitatem
1120 1975 1391 2041 ferantur,

163 2045 390 2108 alterum
425 2040 452 2095 ἑ
484 2044 695 2108 regione
722 2053 994 2099 moveatur
1014 2083 1031 2109 ‚
1068 2046 1292 2100 alterum
1308 2047 1396 2099 de—

162 2113 344 2166 clinet.
419 2108 604 2165 Fufius
625 2112 810 2166 deinde
834 2113 965 2166 hanc
986 2112 1188 2167 causam
1206 2116 1313 2182 agit
1338 2115 1394 2167 in

164 2183 325 2233 eodem
351 2181 496 2232 libro.
572 2181 695 2244 Quae
722 2195 845 2248 ergo
863 2198 999 2235 nova
1021 2180 1182 2240 Causa
1214 2185 1270 2237 in
1288 2185 1395 2236 Na-

163 2248 384 2305 turaiest
416 2263 526 2316 quae
549 2248 776 2302 declinat
795 2247 1038 2304 Atomum
1062 2249 1087 2304 ⁶?
1140 2252 1247 2306 Aut
1268 2267 1394 2305 num

158 2317 455 2373 sortiuntur
489 2317 626 2371 inter
662 2315 713 2371 se
730 2356 749 2384 ‚
804 2333 915 2388 quae
950 2319 1177 2376 declinet
1213 2359 1230 2388 ‚
1318 2337 1394 2373 uae

163 2406 267 2441 non
287 2387 318 2440 ’ἓ
356 2388 467 2441 Aut
485 2400 581 2440 cur
599 2389 815 2441 minimo
835 2389 1060 2442 declinet
1079 2391 1301 2444 interval
1328 2406 1391 2458 o,

162 2459 363 2522 majore
384 2455 543 2508 non?
580 2456 687 2509 Aut
724 2472 816 2509 cur
842 2458 1068 2512 declinet
1099 2475 1206 2513 uno
1229 2459 1395 2512 Mini-

161 2541 247 2578 mo
282 2564 302 2590 ‚
378 2541 487 2576 non
531 2525 757 2578 declinet
794 2524 993 2579 duobus
1038 2536 1127 2581 aut
1168 2527 1338 2582 tribus
1364 2526 1392 2580 ’ἓ

164 2597 362 2663 Optare
407 2594 507 2647 hoc
538 2591 748 2662 qu’r'dem
783 2593 854 2646 est
880 2632 898 2659 ‚
954 2612 1061 2647 non
1101 2594 1393 2663 disputata

158 2681 282 2719 nam
317 2678 488 2730 neque
516 2660 835 2717 extrinsecus
855 2662 1131 2731 impulsam
1149 2666 1395 2719 Atomum

161 2733 278 2785 loco
311 2732 517 2784 moveri
558 2733 612 2785 Sc
646 2730 896 2784 declinari
937 2732 1065 2786 dicis
1086 2772 1103 2798 ‚
1138 2750 1307 2802 neque
1341 2736 1397 2791 iu

161 2802 256 2854 illo
300 2800 458 2854 Inani
492 2838 510 2868 ‚
620 2816 675 2852 er
710 2802 850 2868 quod
899 2799 1099 2855 feratur
1141 2802 1357 2859 Atomus
1377 2841 1395 2868 ‚

156 2871 450 2939 quidquam
488 2867 569 2922 fui
614 2885 642 2922 e
685 2866 843 2922 causae
890 2886 983 2925 cur
1022 2884 1081 2922 ea
1114 2888 1220 2924 non
1251 2870 1277 2924 ὲ
1317 2889 1397 2925 re-

198 2940 321 2991 ‘one
353 2936 587 2990 ferretur
604 2975 622 3003 ‚
671 2955 770 2992 nec
801 2939 859 2991 in
885 2936 993 3006 ipsa
1019 2939 1207 2993 Atomo
1228 2951 1397 2995 muta-

155 2956 325 3061 Sonis
357 3005 432 3058 ali
466 3005 775 3059 uidfadtum
809 3008 911 3073 est,
954 3008 1289 3076 quamobrem
1310 3025 1399 3062 na-

157 3075 390 3130 turalem
424 3023 502 3128 sbi
534 3076 777 3142 ponderis
810 3084 1009 3130 motum
1044 3093 1151 3129 non
1174 3085 1393 3132 teneret.

157 3144 241 3199 Ita
279 3142 406 3196 cum
452 3142 703 3198 atullisset
738 3144 989 3212 Epicurus
1034 3145 1236 3199 nullam
1266 3161 1398 3200 ‘cau-

157 3212 264 3267 sam
297 3229 414 3281 quae
435 3212 581 3266 istam
613 3212 1011 3267 declinationem
1033 3212 1260 3269 efficeret
1278 3254 1296 3280 ‚
1321 3223 1397 3269 ta*

155 3296 280 3336 men
306 3281 510 3348 aliquid
532 3279 627 3334 fibi
652 3282 822 3335 dicere
859 3284 1067 3337 videtur
1087 3320 1104 3347 ‚
1143 3300 1306 3351 quum
1341 3284 1396 3336 id

157 3350 302 3404 dicat
341 3349 483 3418 quod
534 3350 769 3403 omnium
817 3360 1016 3405 mentes
1057 3348 1395 3418 aspernentur

155 3420 212 3474 ’ἃ
248 3416 517 3486 respuant.
616 3418 698 3471 Ita
741 3415 938 3474 Hortos
979 3419 1198 3495 Epicuri
1235 3420 1396 3474 vastat

163 3489 336 3541 Cicero
355 3526 374 3552 ‚
419 3489 471 3541 &
507 3486 698 3541 evertit
728 3495 888 3542 totam
909 3489 1057 3553 illam
1079 3527 1096 3553 ‚
1133 3504 1246 3557 quae
1269 3487 1396 3543 Pro-

156 3558 409 3611 videntiae
429 3556 663 3625 iniquior
684 3555 755 3610 est
770 3595 787 3623 ‚
824 3555 1227 3624 Philosophiam.

259 3691 469 3747 Melius
504 3701 682 3755 tamen
714 3687 943 3748 succedit
966 3694 1121 3762 longa
1150 3688 1245 3746 illa
1281 3692 1312 3747 a
1339 3710 1394 3747 v.

161 3773 280 3829 333.
317 3765 385 3816 ad
410 3760 623 3817 versum
642 3773 760 3827 580.
815 3760 1106 3830 Disputatio
1141 3763 1204 3815 de
1232 3764 1401 3817 varie-

152 3837 265 3887 onte
316 3831 639 3901 Figuratum
675 3844 786 3905 quae
821 3829 898 3887 in,
918 3830 1201 3887 seminibus
1252 3832 1402 3887 inve-

1457 191 2254 277 ECUND-US.
2549 222 2692 293 129

1460 329 1647 388 nitur3
1683 326 1919 383 similiter
1946 330 2041 383 illa
2080 333 2144 386 de
2182 330 2480 394 Seminibus
2521 333 2696 393 diver-

1459 394 1650 450 simode
1684 396 1920 465 figuratis
1951 399 2008 452 in
2046 417 2360 470 unoquoque
2400 404 2694 473 Composito

1460 467 1754 531 contentis5
1811 465 1842 519 a
1874 479 1929 520 ν.
1967 478 2083 532 ς81.
2122 471 2185 523 ad
2219 487 2271 524 v.
2316 481 2435 538 728⁷.
2522 476 2596 531 Ar
2669 508 2694 521 .-

1460 540 1694 587 mentum
1732 535 1872 586 enim
1905 534 2101 590 fabulis
2134 536 2351 592 subinde
2385 493 2692 599 introduffls

1460 610 1647 666 ornat,
1687 604 1739 656 8⁶
1773 600 2078 658 sententiam
2101 604 2245 660 suam
2286 609 2446 663 variis
2465 649 2483 677 ‚
2526 610 2691 682 iisque

1458 668 1759 748 firmissimis
1785 672 2073 727 rationibus
2107 672 2396 731 confirmat.

1563 823 1677 878 Nec
1711 822 1856 879 ullus
1888 839 2118 894 unquam
2148 827 2427 895 Epicuraeae
2459 832 2695 889 Philoso-

1459 892 1592 961 phiae
1623 892 1944 949 adversarius
1980 894 2196 962 effugiet
2227 898 2319 951 ista
2340 910 2645 967 argumenta
2672 944 2692 971 ,

1461 961 1650 1031 quibus
1688 960 1718 1014 a
1753 966 1806 1016 st.
1836 977 1971 1030 729„
2003 965 2068 1016 ad
2110 981 2162 1017 v.
2192 982 2341 1020 1021.
2383 970 2695 1026 demonstrat

1462 1030 1672 1085 Semina
1707 1030 1909 1083 Coloris
1929 1070 1947 1096 ‚
1985 1032 2208 1099 Odo'riS‚
2239 1036 2437 1090 Caloris
2459 1076 2476 1101 ‚
2522 1043 2694 1094 omnis

1462 1100 1684 1167 denique
1724 1099 1989 1167 qualitatis
2009 1139 2026 1165 ,
2088 1103 2140 1154 &
2165 1100 2338 1157 sensus
2371 1103 2470 1159 effe
2507 1124 2697 1174 exper-

1461 1169 1578 1221 tia:
1633 1168 1727 1221 Ori
1764 1169 1905 1221 inem
1935 1166 2108 1223 sensus
2144 1170 2258 1239 Ipse
2280 1210 2296 1238 ‚
2342 1172 2545 1240 fateor,
2585 1194 2693 1230 non

1461 1233 1599 1289 reste
1634 1253 1734 1303 exp
1760 1238 1893 1301 icat,
1931 1244 1991 1289 at·
2017 1234 2218 1292 sensum
2237 1241 2559 1296 Animalium
2582 1243 2695 1298 sen-

1460 1302 1641 1358 {ilibus
1667 1305 1943 1371 Principiis
1975 1301 2154 1375 (quod
2177 1325 2342 1363 unum
2361 1312 2416 1362 in
2444 1313 2540 1365 hoc
2556 1312 2694 1367 libro

1461 1370 1612 1442 agit)
1648 1373 1862 1426 minime
1882 1373 2094 1439 deberi,
2135 1381 2194 1429 co
2211 1415 2227 1441 ‚
2262 1395 2365 1448 quo
2394 1380 2691 1434 Lucretium

1463 1442 1677 1509 decuit,
1715 1444 1954 1497 acumine
1987 1442 2277 1512 persuadet.

1566 1605 1719 1671 Quod
1748 1602 1972 1679 denique
2007 1609 2036 1664 a
2063 1619 2118 1665 v.
2164 1620 2314 1667 1022.
2352 1610 2416 1668 ad
2445 1629 2499 1668 v.
2541 1627 2691 1683 1103.

1462 1674 1876 1731 Innumerabiles
1898 1680 2130 1733 Mundos
2154 1683 2389 1749 extruit,
2420 1683 2519 1737 hoc
2539 1686 2697 1738 etiam

1461 1744 1591 1798 ferri
1607 1744 1802 1812 potest,
1833 1745 1875 1799 fi
1901 1748 2131 1817 aliquem¹
2156 1749 2514 1806 Architedtum
2547 1755 2698 1807 adhi-
2724 1751 2729 1766 “

1462 1812 1665 1868 buiffet.
1743 1815 1862 1886 *Sed
1907 1818 2021 1886 quis
2070 1818 2234 1871 credit
2281 1836 2346 1873 ex
2385 1821 2728 1875 Atomorum-

1463 1880 1797 1936 concursione
1841 1883 2060 1945 fortuita
2079 1886 2218 1940 hunc
2250 1889 2433 1942 mundi
2453 1890 2701 1957 pulcher-

1464 1952 1658 2004 rimum
1691 1960 1948 2024 ornatum‘
1965 1951 2064 2006 esse
2093 1954 2430 2021 perfeetum?
2471 1955 2556 2011 An
2576 1958 2697 2012 cum

1464 2019 1845 2074 machinatione
1877 2023 2095 2090 quadam
2127 2023 2327 2091 aliquid
2371 2023 2572 2081 moveri
2615 2028 2700 2081 vi-

1465 2090 1647 2142 demus
1665 2127 1682 2152 ,
1702 2097 1763 2142 ut
1784 2088 2062 2157 Sphaeram‚
2082 2097 2142 2145 ut
2157 2092 2327 2146 Horas
2345 2132 2362 2158 ‚
2385 2102 2446 2148 ut
2460 2094 2563 2148 alia
2579 2113 2700 2165 per-

1462 2157 1630 2211 mnlta
1647 2196 1662 2220 ‚
1700 2174 1806 2210 non
1824 2155 2119 2213 dubitamus
2144 2161 2271 2229 quin
2293 2159 2392 2224 sint
2423 2179 2581 2231 opera
2602 2165 2700 2217 ina
2730 2168 2736 2171 ⁴

1464 2226 1679 2278 rationis
1705 2243 1718 2277 ε
1772 2224 1903 2279 Cum
1924 2235 2099 2281 autem
2133 2230 2387 2297 impetum
2408 2232 2540 2300 Coeli
2578 2249 2700 2287 cum

1463 2293 1756 2354 admirabili
1793 2295 2058 2351 celeritate
2077 2299 2278 2351 moveri
2301 2338 2318 2364 ,
2356 2301 2595 2368 vertique
2616 2302 2700 2354 vi—

1464 2364 1674 2416 deamus
1692 2402 1708 2429 ‚
1747 2362 2138 2419 constantiffime
2159 2365 2522 2422 conficientem
2544 2368 2699 2424 vicis-

1463 2430 1710 2485 fitudines
1744 2432 2136 2488 Anniversarias
2163 2451 2283 2488 cum
2317 2434 2514 2489 stimma
2534 2436 2699 2492 salute

1466 2503 1519 2554 δι
1550 2497 1940 2555 conservatione
1973 2520 2149 2556 rerum
2181 2506 2413 2557 omnium
2437 2543 2454 2570 ‚
2496 2506 2701 2560 dubita-

1465 2586 1581 2622 mus
1601 2571 1729 2637 quin
1760 2582 1820 2623 ea
1847 2584 1953 2623 non
1983 2569 2150 2624 solum
2177 2573 2377 2627 ratione
2411 2572 2572 2640 fiant,
2609 2573 2699 2629 sed

1466 2639 1622 2693 etiam
1654 2638 1935 2693 excellenti
1976 2642 2194 2708 quadam
2225 2642 2504 2712 divinaque
2543 2645 2702 2699 ratio-

1461 2706 1575 2760 ne‘?
1615 2702 1766 2771 Quod
1807 2706 1845 2760 fi
1881 2709 2113 2766 Mundos
2151 2707 2355 2764 efficere
2393 2708 2555 2777 potest
2579 2730 2705 2766 con-

1467 2773 1645 2830 cursus
1685 2772 1996 2830 Atomorum'
2017 2817 2034 2843 ,
2115 2792 2209 2832 cur
2246 2779 2511 2833 Porticum
2532 2819 2573 2847 ‚⁸
2606 2799 2701 2836 cur

1467 2845 1787 2911 Templum,
1835 2860 1928 2899 cur
1958 2847 2185 2901 Domum
2208 2860 2314 2899 non
2346 2844 2512 2915 potest
2533 2888 2550 2914 ‚
2590 2864 2703 2919 quae
2782 2847 2788 2855 ”

1465 2912 1585 2967 sunt
1614 2913 1786 2966 minus
1824 2912 2035 2982 operosa
2054 2953 2071 2980 ‚
2118 2917 2169 2969 8ε
2206 2916 2373 2970 multi>
2394 2918 2603 2985 quidem
2620 2918 2702 2972 fa-

1469 2983 1652 3049 ciliora
1669 2982 1695 3034 ’ἲ
1734 2982 1858 3036 Hoec
1900 2985 2070 3036 Cicero
2106 2985 2453 3040 Providentiae
2483 2986 2704 3055 gratissi-

1467 3066 1583 3104 mus
1602 3052 1814 3106 vindex.

1570 3206 1794 3260 Demum
1826 3205 1857 3258 a
1889 3220 1943 3260 v.
1991 3222 2140 3275 1104.
2170 3208 2234 3261 ad
2268 3221 2321 3261 v.
2354 3223 2502 3275 1172.
2542 3209 2707 3263 Mun-

1466 3272 1558 3328 dos
1591 3275 1995 3329 innumerabiles
2034 3273 2266 3344 quotidie
2305 3275 2568 3332 nascentes
2590 3312 2607 3344 ‚
2649 3281 2731 3347 &¹

1464 3344 1785 3398 intereuntes
1825 3345 2178 3411 contemplare
2197 3384 2213 3410 ‚
2274 3347 2326 3400 Sc
2366 3347 2586 3400 Beatum
2619 3347 2706 3403 Te

1462 3411 1753 3476 judicabis,
1791 3412 2009 3477 Leston
2049 3415 2140 3481 qui
2169 3415 2308 3467 iuter
2331 3421 2407 3467 tot
2439 3413 2706 3485 tantasque

1464 3481 1642 3533 ruinas
1680 3482 1882 3547 integer
1920 3496 2095 3535 manes
2126 3481 2178 3536 Sc
2222 3480 2450 3535 illaesus:
2485 3484 2708 3538 Interim

1467 3546 1661 3603 ridebis
1683 3549 1931 3601 {attentes
1949 3548 2068 3602 istos
2085 3588 2101 3615 ‚
2135 3551 2187 3604 Sc
2208 3547 2527 3605 senescentes
2555 3568 2707 3608 mun-

1469 3618 1560 3669 dos
1582 3655 1599 3680 ‚
1639 3614 1793 3669 modb
1825 3616 1964 3670 fame
1992 3619 2199 3673 enestos
2219 3658 2236 3685 ‚
2293 3619 2448 3673 modo
2486 3621 2713 3687 pingue-⁷

1470 3684 1590 3738 dine
1624 3684 1780 3738 nimis
1811 3683 2007 3738 obesos.
2102 3688 2256 3743 Certo
2296 3686 2436 3744 enim
2469 3690 2662 3742 certius
2685 3727 2705 3754 ‚

1467 3761 1584 3807 tum
1635 3754 1809 3820 perire
1854 3770 2008 3807 omne
2047 3755 2278 3815 Lucretii
2325 3771 2544 3812 acumen
2585 3755 2707 3811 cum

1470 3821 1816 3878 Providentiae
1848 3820 2166 3882 adversetur.
2222 3880 2224 3882 ,

795 4060 1096 4140 Flnrs
1187 4063 1497 4141 [ΑΒΜ
1589 4044 2079 4152 Saevum.

1452 4358 1466 4367 ⁶
1595 4381 1631 4496 1
1826 4398 1832 4402 ’
2141 4397 2147 4403 ’
2383 4417 2713 4517 L13R1
