3064 4747
701 171 2121 281 'LIBER-TERTIUS.

2589 214 2737 295 185·

188 340 569 419 Admonuit
593 343 959 414 memorem
984 364 1211 417 motus
1230 331 1645 433 languescere
1672 344 1921 421 Mentis
1940 396 1964 433 ‚
2040 348 2182 400 vires
2213 343 2509 410 mentissuae
2521 348 2732 417 praelon-

188 437 449 523 Sponte
469 429 579 504 sua
608 431 789 504 letho
808 451 1005 519 caput
1024 435 1271 506 obvius
1296 434 1546 507 obtulit
1572 431 1723 524 ipse.

283 520 431 611 Ipse
449 523 774 610 Epicurus
798 524 943 594 obit
962 522 1237 596 decurso
1262 525 1515 596 lumine
1541 526 1695 597 vitae
1717 573 1740 606 ‚

2033 433 2103 481 ga
2118 415 2375 469 Senec‘lute
2386 418 2643 472 debilitari
2662 419 2735 482 ἐρ’

1839 502 1843 509 ·
2039 484 2429 553 languidasfieri
2449 526 2469 552 2
2491 486 2558 550 se
2578 491 2733 542 morti

1794 549 1820 596 1
1835 548 1921 616 ΟΥ
1930 544 1971 615 5'
2028 553 2206 621 sponte
2215 554 2315 615 fita
2337 554 2406 615 &
2423 557 2631 609 libenter
2649 558 2732 610 ob-

193 616 339 703 Qi
403 637 569 684 enus
585 610 958 685 humanum
975 615 1043 684 in
1050 616 1247 703 genio
1261 612 1617 704 superavit,
1629 619 1692 687 &
1708 616 1969 687 omneis
2038 623 2178 674 tulit.
2197 623 2315 691 Ipse
2330 623 2581 691 Epicurus
2596 626 2733 689 abso-

191 705 342 778 Prae
402 703 574 774 inxit
593 751 614 782 ,
665 702 875 774 stellas
897 724 1168 777 exortus
1190 707 1290 777 uti
1311 704 1627 777 aetherius
1646 706 1787 790 Sol,

288 795 404 865 Tu
434 795 600 864 vero
618 791 953 866 dubitabis
972 844 996 878 ‚
1050 798 1115 866 &
1136 795 1567 883 indignabere
1584 794 1771 866 obire
1788 845 1814 881 ,

2040 692 2143 743 luto
2157 692 2404 753 vitaefuae
2423 693 2551 756 curs
2537 714 2570 747 u
2589 699 2728 764 quie-

2029 759 2077 823 s
2066 762 2153 813 cit.
2160 760 2255 813 Ine
2272 761 2635 832 Epicurus‚qui
2643 784 2732 831 ge-

2041 829 2422 883 nusHumanum
2436 833 2633 897 ingenio
2636 833 2731 896 su..

197 884 481 957 Mortua
497 884 654 970 quoi
672 885 811 955 vita
828 882 919 955 est
937 909 1138 973 prope
1151 888 1288 975 jam
1305 886 1496 971 vivo,
1520 902 1655 972 atq3
1678 885 1977 958 videnti?
2035 898 2337 965 pertrait-,69³
2349 916 2509 952 omnes
2522 902 2643 954 alios
2655 902 2733 955 lu-

199 973 347 1059 Qi
367 971 606 1043 somno
625 991 878 1059 partem
901 976 1221 1066 majorem
1246 977 1531 1047 conteris
1554 976 1737 1047 aevi?
1801 986 1973 1051 1060

196 1065 286 1135 Et
320 1062 599 1149 vigilans
623 1062 861 1150 stertis,
889 1089 1009 1135 nec
1030 1062 1283 1137 somnia
1306 1090 1571 1137 cernere
1591 1061 1780 1137 ceffas
1804 1114 1830 1152 ,

199 1153 696 1239 Sollicitamque
718 1158 886 1242 geris
903 1153 1059 1225 caffa
1078 1156 1433 1226 formidine
1453 1178 1746 1227 mentem
1766 1156 1801 1229 ἶ)

197 1243 273 1315 N
279 1266 354 1312 ec
374 1244 657 1329 reperite
674 1262 883 1330 potes,
910 1246 1070 1331 quid
1093 1243 1172 1316 fit
1192 1246 1312 1317 tibi
1333 1243 1498 1333 saepe
1519 1247 1701 1331 mali,
1729 1247 1884 1317 cum

198 1332 447 1404 Ebrius
471 1334 725 1420 urgeris
749 1336 975 1406 multis
998 1333 1201 1405 Miser
1230 1336 1524 1426 undique
1545 1338 1718 1408 curis
1741 1386 1762 1417 ,

199 1425 426 1508 Atque
445 1423 927 1496 animbincerto
943 1424 1213 1496 fluitans
1234 1449 1453 1497 errore
1479 1427 1772 1515 vagaris?
1798 1436 1971 1515 1065

266 1514 346 1584 Si
367 1508 620 1598 poffent
639 1513 1271 1603 Homines,proinde
1287 1540 1361 1587 ac
1376 1513 1611 1588 sentire
1633 1516 1969 1602 videntur,

201 1601 479 1675 Pondus
502 1598 694 1672 ineffe
723 1605 963 1675 Animo
983 1606 1160 1692 quod
1183 1603 1223 1676 s
1210 1630 1246 1677 e
1266 1608 1587 1693 gravitate
1607 1605 1837 1695 fatiget
1856 1657 1877 1689 ,

201 1692 295 1764 Et
313 1692 556 1779 quibus
577 1692 644 1761 id
667 1690 783 1765 fiat
802 1692 1004 1766 caufis
1029 1697 1418 1784 cognoscere
1435 1744 1455 1775 ‚
1500 1700 1566 1769 &
1588 1697 1769 1769 unde
1866 1704 1872 1708 ’

202 1783 430 1854 Tanta
455 1782 608 1851 mali
630 1788 1181 1870 mnquammoles
1207 1788 1273 1857 in
1296 1790 1564 1874 pectore
1587 1786 1881 1868 constet3

204 1872 413 1944 Haud
437 1874 529 1942 ita
550 1872 757 1943 vitam
783 1892 1052 1963 agerent
1072 1924 1098 1962 ,
1146 1894 1224 1948 ut
1247 1901 1433 1948 nunc
1453 1879 1850 1966 plerumque
1878 1874 1976 1947 vi-

480 1962 735 2033 demus·

208 2015 397 2139 Quid
419 2047 538 2122 fibi
563 2049 769 2140 quisq3
795 2054 975 2135 velit,
1002 2051 1272 2143 nescire,
1298 2058 1362 2129 &
1383 2027 1678 2145 quaerere
1693 2053 1970 2143 semper,

208 2146 646 2215 Commutare
667 2144 887 2214 locum
910 2193 932 2227 ‚
976 2143 1156 2232 quafi
1180 2171 1353 2217 onus
1375 2148 1702 2234 deponere
1722 2143 1938 2236 p'offit.

303 2232 456 2303 Exit
475 2229 640 2318 saepe
657 2229 833 2304 foras
861 2238 1117 2322 magnis
1141 2261 1219 2307 ex
1244 2237 1499 2308 aedibus
1524 2238 1639 2309 Ille
1661 2287 1686 2323 ,

115 2392 119 2396 .
205 2319 350 2396 Effe
368 2321 555 2393 domi
577 2347 772 2411 quem
795 2322 1142 2413 pertaesum
1163 2325 1263 2416 ’st,
1285 2323 1638 2416 subitoque
1659 2325 1934 2400 revertit
1951 2351 1988 2398 t>

2041 983 2093 1018 ce
2126 967 2228 1028 sua
2281 966 2571 1029 obscuravit
2591 1009 2608 1035 ‚
2671 982 2730 1024 ut

2027 1033 2403 1103 splendidusSol
2413 1048 2609 1097 exortus
2611 1039 2732 1104 steb-

2041 1106 2116 1157 las
2140 1103 2251 1166 suis
2283 1106 2440 1158 radiis
2481 1106 2727 1168 obscurat.

2053 1175 2151 1227 Tux
2166 1170 2289 1226 vert)
2308 1175 2552 1228 dubitabis
2573 1215 2590 1241 ‚
2646 1179 2732 1230 Tu

2042 1244 2169 1295 moi-i
2192 1244 2524 1310 indignabere,
2535 1247 2628 1298 Cui
2644 1249 2733 1299 vi-

2043 1321 2096 1364 ta
2119 1313 2233 1376 jam
2264 1313 2396 1364 vivo
2430 1312 2499 1373 &³
2529 1315 2733 1368 violenti

2042 1390 2239 1433 tantum
2255 1398 2348 1431 non
2365 1397 2493 1434 mors
2511 1381 2593 1448 est,
2613 1380 2733 1453 (qui

2040 1450 2159 1501 dum
2193 1452 2343 1502 vivis
2390 1459 2585 1502 tantum
2635 1470 2732 1505 non

2043 1527 2264 1571 mortuus
2279 1513 2445 1587 es)qui
2457 1522 2731 1573 maximam

2051 1588 2110 1641 V
2104 1590 2193 1639 itae
2227 1597 2327 1640 tuae
2353 1598 2549 1656 partem
2580 1591 2635 1641 in
2642 1588 2731 1653 so-

2041 1672 2153 1708 mno
2167 1656 2354 1722 ignave
2367 1656 2627 1724 consumis,
2643 1662 2733 1728 qui
2754 1677 2761 1688 ¹

2044 1726 2159 1776 dum
2172 1727 2361 1792 vigilas
2377 1726 2733 1792 dormis,vanis

2045 1793 2299 1856 insomniis
2313 1793 2508 1864 semper
2526 1797 2697 1861 iHusus
2711 1837 2730 1865 ,

2045 1873 2344 1931 mentemque
2439 1867 2735 1932 circumfers

2046 1934 2188 1984 inani
2202 1943 2334 1985 metu
2360 1936 2604 2000 agitatam
2620 1973 2636 2000 ‚
2663 1935 2734 1999 &

2048 1996 2339 2070 concufflzm?
2354 2004 2426 2055 N
2420 2022 2471 2055 ec
2486 2004 2735 2070 dignosce.

2048 2087 2103 2122 re
2119 2073 2275 2139 queas*
2305 2089 2396 2139 quo
2435 2074 2561 2125 malo
2593 2074 2737 2137 laesus

2046 2157 2226 2204 es‚cum
2241 2140 2389 2202 miser
2404 2142 2737 2209 atqueE'brius

2046 2211 2203 2261 multa
2219 2212 2431 2278 undique
2431 2210 2736 2272 soaicitudi-

2048 2296 2107 2329 ne
2153 2279 2345 2344 urgeris
2374 2317 2390 2343 ‚
2454 2282 2737 2347 incertoque

2046 2346 2253 2401 Mentis
2306 2365 2468 2400 errore
2514 2349 2736 2415 agitatus

2010 2416 2025 2455 ¹
2053 2419 2148 2469 huc
2197 2415 2267 2477 Εὖ*
2321 2417 2440 2469 illuc
2470 2416 2693 2483 fluc‘iuae
2712 2426 2736 2474 ἓ

1806 1990 1978 2053 1070

205 2479 361 2551 ,Quod
358 2480 418 2550 st
426 2500 606 2534 revera
612 2481 864 2545 sentirent
883 2484 1117 2538 Homines
1135 2523 1153 2550 ‚
1176 2496 1233 2539 ut
1248 2487 1490 2540 videntur
1492 2460 1687 2550 sentire
1704 2525 1722 2552 ‚
1748 2484 1843 2555 ipfi
1855 2486 2036 2539 Animo
2053 2481 2738 2624 ineffigondus‘quodsefati-

203 2562 294 2618 get
306 2553 572 2617 gravitate
593 2591 610 2618 ‚
652 2551 721 2614 ὅ
734 2549 977 2623 novzffi‘nt
995 2553 1018 2606 ὲ
1037 2557 1209 2622 quibus
1226 2555 1376 2623 causis
1393 2556 1550 2622 idfiat
1565 2594 1583 2622 ,
1631 2556 1700 2618 ξφ
1716 2557 1842 2609 unde
1857 2565 2001 2608 tanta
2017 2555 2160 2607 moles

2223 2555 2397 2607 audaci
2416 2556 2738 2609 translatione

209 2630 329 2673 utor
342 2629 371 2689 )
398 2621 522 2671 mali
535 2622 590 2671 in
593 2620 690 2683 suo
703 2620 893 2688 perflare
911 2622 1151 2686 constaret
1168 2663 1185 2688 ‚
1233 2641 1327 2676 non
1344 2626 1490 2676 talem
1505 2634 1707 2691 agerent
1720 2627 1890 2677 vitam
1908 2625 2097 2692 qualem
2113 2641 2187 2676 eos
2197 2624 2480 2691 plerumque
2494 2643 2635 2691 agere
2654 2644 2738 2681 nos
2760 2638 2767 2643 “

193 2688 452 2751 sentimus
474 2707 492 2741 .·
531 2689 764 2757 ,Quilibet
781 2709 873 2742 non
889 2692 1074 2753 nescire
1090 2693 1319 2761 quidstbi
1339 2695 1489 2747 venet
1507 2734 1523 2759 ,
1563 2711 1656 2745 non
1666 2692 1862 2761 semper
1876 2692 2042 2746 veluti
2059 2693 2233 2745 dubius
2257 2691 2326 2754 {9’
2345 2695 2564 2746 incertus
2576 2713 2739 2762 vaga-

201 2769 352 2810 retur
370 2796 389 2820 ,
428 2768 518 2810 aut
517 2758 658 2820 sedes
676 2771 996 2813 commutaret
1017 2800 1033 2827 ,
1071 2761 1209 2829 quasi
1226 2780 1343 2815 onus
1393 2781 1453 2815 uo
1468 2765 1718 2831 premitur
1733 2802 1750 2828 ‚
1787 2763 1995 2825 dejicere
2009 2763 2246 2829 potuerit.
2318 2761 2414 2815 Ille
2464 2781 2573 2815 uem
2591 2764 2742 2818 taedet-

203 2822 300 2898 ᾧ
317 2827 452 2880 domi
473 2865 490 2893 ‚
513 2826 803 2896 splendidas
818 2830 978 2882 domos
994 2831 1267 2913 relinquit,

1384 2832 1586 2899 peregre
1604 2827 1975 2901 proficiscitur}
1999 2827 2172 2894 subito
2188 2839 2351 2884 autem
2371 2849 2424 2886 re
2458 2834 2503 2885 it
2516 2872 2536 2899 ‚

1295 2942 1350 2997 N
1388 2957 1425 2998 o
1462 2958 1505 2998 ‘r
1544 2958 1617 2996 az.
2122 2992 2125 2995 Α

207 3038 341 3096 verb
362 3038 572 3095 diesim
590 3037 903 3094 transierunt
926 3035 1061 3108 (tres
1078 3026 1250 3095 autem
1265 3036 1440 3111 erant)
1509 3044 1594 3094 xit
1609 3081 1626 3107 ‚
1664 3038 1819 3110 quam
1835 3037 2134 3105 Praestinxit
2149 3077 2166 3106 ,
2203 3036 2309 3093 fine
2330 3038 2443 3113 ullo
2458 3041 2743 3095 incommo-

211 3108 526 3169 οἶλυπόταἹα
551 3107 637 3167 τᾶν
663 3112 769 3170 βίον
810 3109 1077 3182 προήκατο.
1184 3111 1442 3179 Diogenes

212 3179 457 3233 Laertius
475 3216 493 3244 ‚
515 3177 609 3231 lib.
633 3178 733 3230 IX.
753 3177 808 3230 in
826 3180 936 3231 vita
955 3179 1259 3234 Democriti.

291 3250 443 3313 1053.
466 3246 583 3314 Ipse
598 3245 893 3314 Epicurum]
927 3249 1147 3311 Quidam
1165 3249 1268 3301 huc
1283 3255 1445 3303 retra-

212 3318 351 3370 hunt
388 3317 680 3384 praecedens
718 3314 834 3381 Ipse
852 3354 870 3381 ‚
930 3318 1003 3370 ita
1037 3325 1098 3370 ut
1114 3315 1176 3372 fit
1194 3316 1309 3384 Ipse
1328 3316 1444 3385 Ipse

213 3385 472 3453 Epicurus
491 3423 508 3450 ‚
552 3386 603 3439 &
625 3400 719 3451 pro
734 3385 947 3437 Lumine
966 3385 1149 3454 legunt
1166 3386 1374 3442 Limite.

251 3510 256 3517 ,
290 3470 446 3520 1057.
489 3452 848 3519 Praestinxit.]
886 3455 1036 3508 Hanc
1063 3470 1246 3509 vocem
1267 3455 1447 3510 multis

215 3531 400 3577 contra
443 3522 698 3576 Barbaros
731 3561 748 3589 ,
786 3530 847 3576 ut
884 3522 1117 3592 loquitur
1138 3562 1155 3590 ‚
1219 3523 1451 3578 defendit

215 3591 492 3646 Lambinus
509 3629 526 3655 ‚
565 3590 592 3644 ὲ
614 3600 792 3647 contra
808 3592 1069 3660 Salmasius
1086 3631 1104 3658 ‚
1140 3593 1269 3660 Lego
1290 3592 1453 3655 &scri-

211 3664 319 3730 ptis
336 3659 598 3714 Rea-inxit
614 3700 632 3726 ,
669 3664 754 3714 ubi
766 3673 1021 3729 perperam
1035 3662 1304 3715 Lambinus
1322 3663 1455 3715 Prae-

218 3730 399 3784 stinxit
418 3767 436 3794 ‚
475 3734 652 3783 contra
668 3729 826 3784 fidem
841 3729 1120 3784 Librorum
1134 3769 1151 3796 ‚
1200 3731 1253 3786 &
1269 3726 1451 3786 Latine

220 3798 575 3867 Loquentium
597 3798 745 3852 usum
770 3815 787 3859 3
835 3798 1093 3866 Epicurus
1112 3817 1290 3853 omnes
1309 3801 1455 3866 inge-

219 3868 311 3920 nio
330 3864 422 3920 suo
441 3864 732 3933 superavit,
776 3866 845 3930 δέ
861 3871 1086 3921 extinxit
1102 3906 1120 3933 ‚
1143 3867 1264 3943 five
1280 3867 1452 3933 restin-

220 3938 307 3989 xit
325 3974 341 4001 ,
389 3945 450 3988 ut
481 3936 570 3989 Sol
606 3938 826 3989 adventu
842 3936 939 3999 suo
963 3935 1128 4001 stellas
1149 3936 1414 4004 restinguit
1433 3974 1451 4001 ,

222 4022 337 4057 cum
353 4006 514 4057 lumen
516 4004 670 4066 suum
689 4006 789 4058 inis
809 4006 988 4058 adimit
1007 4024 1023 4057 :
1051 4006 1136 4059 Sic
1155 4005 1194 4059 l.
1218 4007 1283 4060 V.

1514 3112 1579 3164 do
1595 3110 1846 3177 legamus.
2474 3150 2481 3157 ,

1586 3184 1736 3233 1066.
1756 3179 1819 3231 Si
1830 3171 2010 3246 poffent
2026 3177 2280 3241 Homines,
2311 3175 2446 3244 &c.]
2464 3179 2657 3232 Mortis
2676 3178 2745 3234 ti-

1513 3265 1712 3301 morem
1730 3285 1747 3312 ,
1784 3246 1985 3300 fontem
2006 3248 2058 3300 ἃ
2078 3248 2331 3314 originem
2342 3248 2520 3300 'omnis
2537 3249 2747 3315 aegritu-

1514 3317 1652 3370 dinis
1668 3313 1819 3383 supra
1838 3315 2014 3369 docuit
2029 3314 2292 3371 Lucretius
2307 3333 2324 3367 .·
2342 3316 2480 3368 idem
2495 3316 2600 3379 jam
2616 3318 2743 3385 agit,

1516 3404 1583 3440 V..
1596 3397 1679 3450 23.
1754 3386 1866 3438 Nec
1881 3384 2092 3437 aliunde
2107 3384 2396 3438 Tumultus
2419 3386 2472 3438 Sc
2489 3383 2750 3438 Instabili-

1517 3464 1596 3509 tas
1618 3455 1675 3506 in
1694 3454 1801 3508 vita
1815 3452 2104 3505 Hominum
2123 3470 2136 3505 ε
2171 3452 2408 3506 Modo-in
2424 3453 2619 3507 Villam
2633 3462 2752 3508 ten-

1520 3525 1685 3587 dunt,
1740 3520 1893 3574 modi>
1912 3523 1969 3574 in
1989 3520 2187 3577 Urbem
2202 3530 2537 3576 revertuntur
2556 3539 2574 3584 3
2623 3523 2750 3577 Haec

1521 3594 1628 3657 jam
1647 3597 1934 3659 appetunt,
1989 3591 2174 3643 deinde
2192 3591 2372 3645 eadem
2389 3590 2604 3658 fugiunt
2617 3630 2634 3657 ‚
2694 3592 2752 3645 in

1522 3662 1666 3713 omni
1707 3660 2003 3715 conditione
2045 3660 2183 3714 Cura
2223 3667 2274 3714 at
2313 3676 2375 3714 ue
2413 3661 2690 3728 AEgritudo
2731 3699 2750 3726 ‚

1523 3730 1714 3798 quippe
1731 3729 1869 3785 hunc
1884 3735 2082 3788 metum
2099 3766 2116 3792 ‚
2143 3745 2294 3783 omne
2319 3744 2419 3798 que
2443 3729 2752 3797 cupiditates

1524 3815 1590 3851 ex
1622 3798 1717 3851 illa
1735 3806 1877 3851 natas
1896 3794 2069 3851 secum
2089 3797 2267 3852 ferunt
2298 3815 2316 3858 ς
2372 3799 2560 3853 Veram
2579 3804 2758 3851 autem

1522 3864 1906 3933 Philosophiam
1927 3904 1944 3931 ‚
1985 3866 2202 3933 Epicuri
2229 3904 2247 3931 ‚
2290 3867 2397 3919 viz.
2437 3865 2756 3932 Sapientiam

1522 3933 1800 4004 sequantur
1822 3974 1839 4001 ‚
1882 3935 2131 3988 Animum
2152 3934 2540 4000 mortalemeffe
2559 3931 2759 3989 discant

1524 4005 1777 4058 Homines
1799 4041 1817 4069 ‚
1880 4005 1933 4058 Sc
1956 4005 2181 4071 deponet
2204 4001 2418 4073 quisque
2463 4001 2715 4058 sarcinam
2732 4041 2752 4071 ,

291 4074 700 4154 Praeclarumque
716 4074 850 4128 velit
871 4075 1000 4128 Solis
1019 4074 1333 4144 restinguere
1355 4074 1432 4127 lu-
1526 4090 1680 4144 quam
1706 4089 1919 4142 gravem
1937 4070 2106 4127 sentit·

228 4160 619 4277 'l’ertullniwaiius⁹
647 4211 1061 4266 Reaccenduntur
1079 4213 1347 4268 Stenarum
1368 4232 1451 4265 ra-

226 4278 303 4332 dii
316 4319 333 4346 ‚
359 4298 477 4348 quos
493 4284 741 4333 matutina
759 4281 1010 4351 Succenfio
1027 4284 1337 4338 extinxerat.
1363 4284 1450 4336 At-

229 4355 405 4406 hmen
440 4349 552 4419 post
587 4356 729 4429 tanta
761 4353 1082 4422 certamina,
1126 4350 1451 4424 tamRestin-
1506 4423 1512 4430 ⁶

1601 4156 1751 4212 1068.
1777 4151 1851 4206 Et
1877 4152 2050 4222 quibus
2068 4149 2231 4221 idflat
2249 4146 2402 4220 caulis
2425 4147 2756 4219 cognoscere.]

1519 4246 1669 4314 Alii,

1658 4351 1717 4409 Ἐ
1729 4353 1904 4423 quibus
1920 4352 2081 4424 idfiat
2100 4350 2257 4427 causis
2275 4370 2464 4428 quoque
2478 4353 2690 4420 nofhere.

1760 4442 1843 4517 M
1889 4461 1934 4534 5
2328 4431 2363 4463 ⁹
2496 4447 2775 4534 Quippe

2622 4581 2726 4636 ⁷3*
