3064 4747
802 167 1297 251 LIBER
1394 169 2048 249 PRIMUS.

120 309 192 380 In
226 302 538 376 medium
565 303 862 375 Summae
889 300 1102 391 (quod
1123 300 1386 390 dicunt.)
1411 303 1643 374 omnia
1661 303 1829 386 niti,

120 404 342 483 Atque
367 394 524 464 ideo
548 391 795 464 Mundi
814 414 1118 463 naturam
1144 391 1309 462 stare
1329 391 1464 463 fine
1490 393 1643 463 ullis

123 487 379 559 Ictibus
405 484 700 553 externis
720 532 742 566 ,
797 505 1011 568 neque
1033 484 1372 569 quoquam
1396 479 1568 569 poffe
1589 480 1826 554 resolvi

123 579 409 650 Summa
437 590 637 658 atque
659 573 800 645 Ima
824 621 847 658 ‚
902 574 1082 658 quod
1105 573 1176 642 in
1196 572 1507 644 Medium
1535 569 1675 651 (int.
1687 573 1916 644 omnia

406 664 569 733 nixa
586 712 610 747 ‚

125 751 391 845 (ipsum
418 750 470 823 fi
496 753 847 838 quicquam
874 747 1045 837 poffe
1068 750 1139 821 in
1156 748 1223 822 se
1247 748 1462 822 fistere
1484 751 1735 824 credis:

126 848 202 917 Et
228 868 388 932 quae
416 841 712 930 pondera
732 838 884 912 sunt
903 838 1021 913 sub
1047 841 1273 912 Terris
1294 842 1521 911 omnia
1550 839 1805 914 sursum

125 936 358 1009 Nitier
381 984 407 1019 ,
450 933 524 1002 in
550 933 886 1017 Terraque
914 932 1095 1002 retro
1115 928 1516 1018 requiescere
1534 932 1758 1017 posta:

129 1026 220 1097 Ut
255 1047 385 1112 per
419 1046 624 1109 aquas
645 1045 792 1108 quae
816 1045 998 1093 nunc
1022 1045 1241 1093 rerum
1270 1019 1621 1095 fimulacra
1653 1022 1828 1094 vide-

412 1135 566 1181 mus
599 1116 655 1197 ε)

127 1205 211 1277 Et
231 1201 446 1276 simili
470 1201 726 1273 ratione
751 1199 1073 1272 Animalia
1095 1197 1314 1272 subtu’
1340 1200 1561 1289 vagari

131 1290 586 1366 contendunt
603 1341 624 1371 ,
685 1315 897 1377 neque
917 1287 1089 1377 posse
1109 1290 1145 1360 ὲ
1168 1292 1394 1363 Terris
1417 1294 1489 1361 in
1513 1293 1656 1365 loca
1676 1291 1849 1362 Coeli

129 1383 467 1456 Recidere
488 1378 798 1453 inferiora
821 1381 1026 1467 magis
1047 1430 1068 1459 ‚
1119 1405 1320 1466 quarn
1349 1405 1627 1467 corpora
1646 1381 1870 1454 nostra

132 1467 529 1560 Spontesua
553 1468 797 1558 poffinr.
817 1473 890 1541 in
913 1470 1085 1542 Cocli
1106 1472 1349 1559 templa
1368 1475 1636 1543 voiare:

132 1563 240 1634 lui
262 1585 425 1634 cum
456 1560 721 1631 videant
744 1562 959 1633 Solem
983 1611 1005 1643 ‚
1057 1585 1181 1632 nos
1214 1562 1435 1634 Sidera
1455 1562 1668 1636 noetis
1693 1626 1698 1631 .

136 1655 465 1734 Cernere,
503 1653 565 1723 &
587 1650 856 1721 alternis
874 1646 1219 1721 nobiscum
1243 1652 1715 1738 temporaCoeli
1745 1663 1919 1740 1065

134 1742 469 1815 Dividere
493 1789 518 1827 ‚
556 1743 635 1811 ἃ
656 1740 909 1811 ηοὲὶεὶε
934 1740 1191 1826 parileis
1213 1746 1456 1830 agitare
1480 1793 1500 1822 ,
1555 1739 1839 1830 diesque.
1889 1817 1896 1821 ,

200 1910 205 1913 ,
227 1833 363 1906 Sed
384 1853 602 1920 vanus
620 1829 894 1919 ,Stolidis
928 1830 1070 1901 haec
1088 1836 1314 1905 omnia
1331 1830 1607 1904 finxerit
1631 1856 1813 1903 error
1831 1883 1852 1914 ‚

1961 312 1964 315 '
1986 322 2112 361 cave
2125 306 2367 363 necredae
2381 309 2508 376 quoa
2522 307 2680 375 vulga

1957 408 1964 413 -
1985 375 2156 426 docent
2171 413 2188 438 ‚
2218 377 2428 443 Corpora
2440 380 2603 431 omnia
2619 380 2680 430 in

1907 496 1914 501 ,
1987 443 2238 497 Centrum
2307 446 2546 513 Univerli
2610 446 2688 501 vi⁴

1986 512 2196 578 quadam
2230 514 2404 565 innata
2440 516 2635 568 tendere
2650 533 2684 577 3.

1985 581 2141 646 ideoq3
2150 580 2473 634 adMundum
2488 585 2678 647 conser-

1959 648 2209 699 ·vandum
2267 667 2361 705 non
2416 666 2535 719 opm
2592 648 2677 722 effe

1961 740 1962 743 ¹
1986 716 2166 768 ic‘libus
2180 723 2413 785 externis,
2429 725 2679 789 nequesu-

1982 787 2195 852 periores
2239 820 2240 823 =
2273 798 2362 840 aut
2418 792 2676 854 inferiores

1986 855 2069 907 M
2064 855 2185 906 undi
2198 866 2365 922 partes
2389 860 2443 911 in
2464 860 2679 928 aliquem

1987 925 2140 975 alium
2158 924 2316 976 locum
2334 927 2554 994 diffipari
2565 929 2682 996 pos:-

1975 991 2288 1059 se‚quoniam
2302 1011 2460 1051 omnes
2480 997 2679 1053 adCen-
2726 1043 2734 1049 .

1989 1069 2128 1115 trum
2168 1063 2374 1114 tendunt
2410 1062 2509 1133 (at
2554 1065 2684 1121 vera

1990 1132 2096 1197 quis
2142 1131 2309 1185 credat
2356 1133 2547 1199 aliquid
2591 1135 2678 1196 se·-

1988 1197 2077 1265 ips
2065 1216 2147 1250 um
2149 1197 2323 1264 sistere
2340 1200 2678 1265 &fiestinere?

1987 1267 2307 1335 ,Quis-credat
2321 1306 2338 1333 ‚
2388 1287 2465 1320 res
2489 1287 2680 1334 graves

1989 1334 2228 1403 quaesunt
2245 1338 2299 1388 in
2317 1337 2528 1400 adversa
2552 1341 2684 1392 Ter«
2727 1384 2728 1387 ,

1990 1423 2058 1455 rae
2096 1404 2244 1469 facie
2267 1403 2475 1467 sursum
2518 1425 2681 1460 omnes

1989 1473 2183 1529 tendere
2202 1511 2219 1537 ‚
2247 1473 2316 1534 Εἴ
2331 1476 2385 1528 in
2411 1475 2680 1537 Terraesu-

1985 1543 2184 1608 perficie
2222 1553 2354 1593 retro
2380 1539 2690 1612 (contraria

1984 1610 2127 1677 plane
2150 1628 2209 1662 ac
2228 1612 2356 1678 apud
2376 1607 2704 1682 nossttu)po-,

1969 1678 2104 1745 sttas
2149 1679 2394 1745 quiescere
2431 1689 2454 1734 ἓ
2519 1683 2682 1733 eodem

1985 1746 2189 1814 prorsm
2224 1749 2359 1799 modo
2395 1767 2487 1817 quo
2521 1753 2690 1802 cerni-

1989 1835 2099 1871 mm
2119 1814 2399 1882 stmulacra
2426 1818 2588 1883 nostra
2625 1820 2682 1870 in

1905 1894 1920 1938 ⁴.
1975 1886 2149 1953 ¹Aqui-‘5
2169 1923 2185 1948 ‚
2233 1882 2261 1955 (
2274 1887 2480 1953 pedibus
2503 1886 2679 1951 nostra}

1617 1923 1923 2010 Amplexx
1989 1954 2131 2020 plane
2151 1950 2419 2022 oppffmo
2489 1956 2692 2008 Doceat.

1971 2021 2190 2089 ,itujtper
2205 2025 2258 2073 in
2276 2022 2487 2084 adversa
2513 2025 2694 2081 Terra.

1741 684 1914 752 1055

1747 1212 1919 1274 1060

134 2089 403 2161 supezficie
423 2086 685 2139 Animalia
702 2085 860 2137 eodem
881 2088 1018 2140 modo
1041 2105 1100 2139 ac
1110 2104 1194 2139 nos
1211 2088 1431 2139 incedere
1446 2127 1462 2153 ‚
1504 2105 1655 2156 neque
1675 2090 1830 2153 magis
1841 2084 1964 2157 pqffe
1979 2090 2035 2142 ‘in
2049 2090 2310 2154 inferiores
2336 2094 2450 2144 Coeli
2466 2095 2683 2157 regiones

148 2159 172 2210 ὲ
194 2160 368 2212 Terra
386 2156 605 2207 recidere
619 2193 636 2220 ‚
679 2155 826 2221 qudm
853 2157 1062 2224 Corpora
1082 2155 1241 2220 nostra
1252 2158 1455 2223 propria
1463 2156 1566 2218 sua
1583 2160 1649 2208 vi
1666 2159 1720 2209 in
1728 2157 1966 2217 sublimes
1993 2160 2108 2210 Coeli
2107 2159 2336 2222 fornices
2352 2162 2546 2213 evolare
2562 2179 2583 2221 ‚-
2607 2161 2683 2213 Et

147 2244 255 2278 cum
276 2226 389 2277 illic
410 2224 571 2276 Solem
585 2225 796 2276 videant
812 2262 830 2288 ‚
858 2241 941 2275 nos
956 2225 1194 2277 nolim-na
1210 2225 1338 2290 astra
1351 2226 1557 2290 videre,
1596 2225 1665 2286 Εἴ
1688 2227 1889 2289 alternis
1901 2228 2105 2291 vicibus
2126 2227 2209 2289 illa
2222 2231 2414 2295 partiri
2431 2228 2681 2293 nobiscum

155 2298 266 2348 coeli
293 2304 516 2360 tempora
535 2330 559 2358 ,
594 2291 663 2354 ἐρ’
683 2291 840 2345 ηοέέσς
851 2293 1042 2363 diesque
1059 2293 1221 2361 quales
1237 2312 1320 2347 nos
1336 2295 1524 2355 habere.
1572 2296 1645 2346 At
1662 2296 1765 2346 ἕως
1786 2298 1950 2347 omnia
1954 2297 2199 2362 figmenta
2215 2294 2237 2350 ὲ
2251 2299 2431 2366 putida
2449 2291 2698 2369 ignoram'
2733 2338 2748 2350 .

146 2366 220 2426 tia
234 2362 531 2430 nascuntur.
569 2360 971 2438 Ideoqueerranr
988 2365 1118 2417 vani
1138 2364 1315 2424 harum
1331 2365 1617 2431 opinionum
1621 2363 1894 2430 fautores,
1955 2422 1963 2430 ,
2701 2372 2708 2381 ’

1256 2521 1638 2578 Νοτιε»

150 2677 269 2716 men
301 2676 355 2713 v.
405 2661 555 2725 1036.
614 2659 667 2712 ἃ
702 2658 871 2713 tribus
912 2656 1242 2727 sequentibus
1277 2659 1389 2724 obi·¹

152 2737 230 2783 ter
249 2730 456 2782 deridet
477 2746 492 2779 2
514 2725 806 2781 Absurdum
827 2729 966 2780 enim
984 2729 1155 2782 Grave
1175 2728 1385 2797 aliquod

153 2796 371 2865 seipsum
393 2795 563 2849 sistere
585 2797 636 2849 8:
656 2793 896 2850 sustinere
911 2795 1049 2864 poss'e
1067 2836 1084 2862 ,
1121 2805 1210 2850 aut
1228 2798 1283 2849 in
1299 2800 1387 2851 ad-

155 2865 357 2921 versam
380 2866 561 2919 Terrae
584 2872 784 2932 partem
802 2861 955 2933 (cum
979 2866 1140 2932 vulgo
1155 2868 1296 2934 enim
1310 2864 1385 2920 sa-

150 2942 385 3003 puerunt
405 2929 690 3001 Epicuraei)
716 2931 916 2987 sursum
931 2935 1163 2987 tendere.

229 3008 379 3067 1056.
403 3001 578 3069 Ipsum
573 3000 632 3067 st
644 3041 662 3067 ‚
687 3003 818 3067 See]
836 3003 948 3056 Hos
970 3010 1190 3071 quatuor
1209 3000 1386 3056 versus

158 3070 446 3141 parenthesi
489 3072 827 3124 includendos
852 3088 956 3123 non
996 3080 1100 3125 tam
1129 3070 1388 3137 explicare

162 3139 455 3211 (quicquid
491 3140 584 3193 alii
622 3135 885 3207 sentiant)
912 3138 1066 3208 quam
1094 3140 1391 3206 convellere

161 3210 302 3263 istam
325 3212 389 3262 de
416 3211 589 3261 Centro
613 3208 911 3275 opinionem
929 3208 1201 3262 contendo.

162 3341 203 3400 P
232 3289 385 3399 1038li
392 3276 477 3358 :bf
498 3275 806 3399 {Tei-iiaqzlfej
827 3276 897 3329 In
919 3278 1251 3345 Terramque‚
1276 3274 1387 3331 Gif.

203 3364 273 3400 ar.
388 3363 435 3398 1:
460 3363 599 3399 nem
638 3363 701 3399 cn
725 3363 805 3399 ηε.

232 3432 382 3481 1059.
415 3415 475 3469 V
468 3412 704 3478 idemm]
735 3413 1018 3480 Vocantur,
1062 3415 1127 3469 G.

178 3547 189 3550 -
232 3512 384 3562 1060.
416 3506 639 3571 Subtu’.]
666 3506 732 3560 In
751 3507 910 3560 MSS.
930 3503 1189 3575 plerisque
1209 3507 1390 3574 Supra,

173 3576 369 3641 Cunila,
394 3577 581 3642 Suapte
597 3614 614 3640 ‚
635 3575 887 3644 istamque
896 3592 1079 3629 vocem
1096 3576 1270 3629 multae
1287 3573 1394 3628 edi-

168 3646 328 3698 tiones
346 3644 667 3712 approbant,
693 3642 781 3698 sed
794 3643 985 3711 optime
1002 3643 1230 3712 reposuit
1246 3646 1395 3697 Lam-

168 3711 313 3767 binus
321 3715 522 3776 Subtus
536 3732 552 3765 .-
593 3710 690 3765 nifi
709 3710 880 3765 forsan
896 3715 1180 3766 audiendus
1200 3712 1262 3767 fit
1283 3714 1394 3765 Sal-

167 3783 337 3848 masius
353 3822 372 3848 ‚
421 3782 513 3851 qui
529 3781 693 3848 Epist.
719 3795 800 3847 59.
830 3782 934 3834 haec
958 3782 1128 3835 habet.
1167 3782 1267 3834 Pro
1283 3782 1393 3835 illis

169 3851 335 3904 Subtu’
358 3854 546 3917 vagari
565 3888 582 3916 ,
615 3866 726 3918 quae
746 3866 812 3903 ex
831 3851 1041 3918 ingenio
1058 3848 1147 3904 suo
1166 3848 1395 3917 reposuit

168 3917 445 3974 Lambinus
483 3957 501 3984 ‚
541 3926 690 3972 notat
727 3919 784 3977 ,in
809 3919 1073 3973 veteribus
1100 3917 1272 3973 Libris
1295 3917 1394 3973 effe

170 3990 351 4053 partim
373 3988 754 4056 Supra‚partim
774 3989 975 4054 Suapte‚
1016 3989 1169 4042 artim
1185 3989 1394 4055 Κναγέα,-

172 4072 231 4116 ex
247 4058 433 4125 quibus
450 4057 682 4125 vestigiis
702 4057 829 4110 olim
848 4004 1103 4110 faciebam
1122 4057 1288 4124 Suppa
1305 4093 1322 4122 ‚
1343 4058 1397 4109 id

173 4126 235 4177 est
249 4129 441 4194 Supina
457 4165 476 4191 ‚
505 4128 720 4195 antiqua
734 4125 1021 4179 voce.Nam
1037 4125 1122 4177 illi
1135 4127 1225 4194 qui
1241 4128 1396 4193 pedes

169 4193 310 4248 nobis
352 4194 593 4249 adversos
621 4193 813 4249 habent
836 4233 853 4259 ,
915 4194 1209 4265 οἰντίχθονες
1248 4195 1397 4247 nobis

171 4259 279 4317 sunt
294 4264 483 4331 Supini
499 4302 515 4329 ‚
544 4265 597 4317 δι
615 4281 712 4317 nos
728 4263 856 4316 illis.
897 4265 1118 4331 Suppum
1132 4281 1285 4330 porro
1309 4280 1399 4315 no-

166 4334 239 4416 tat
257 4333 299 4386 F
301 4333 437 4390 estus
455 4333 716 4402 Antiquos
755 4330 936 4387 dixisse
961 4329 1097 4400 quod
1137 4327 1230 4385 nos
1248 4333 1400 4410 Supi-

1430 2719 1434 2730 .
1453 2676 1575 2710 num
1587 2658 1827 2714 dicimus.
1862 2657 2020 2714 Liber
2034 2634 2193 2715 Voffii
2209 2660 2368 2716 nostri
2388 2658 2540 2730 plane
2558 2635 2694 2734 Prae-⁰.

1428 2751 1435 2758 ⁹
1454 2727 1559 2782 fert
1579 2729 1762 2796 Suppa.
2077 2745 2080 2748 ’

1526 2802 1675 2851 1062.
1701 2797 1986 2862 Recidere]
2006 2798 2114 2851 Alii
2129 2798 2372 2851 Decidere
2387 2817 2404 2852 .·
2427 2817 2580 2869 quam
2594 2818 2689 2855 vo-

1455 2883 1569 2919 cem
1604 2868 1760 2919 etiam
1779 2866 2060 2920 Lambinus
2084 2868 2343 2921 admittit:
2392 2869 2690 2926 Immerito.

1455 2936 1506 2988 N
1509 2952 1578 2987 on
1598 2936 1738 2988 enim
1755 2934 2048 2989 observavit
2060 2937 2351 2989 lucretium
2367 2939 2446 2990 uti
2467 2940 2686 2993 vocibus

1457 3003 1692 3071 opinioni
1709 3003 1809 3057 istae
1824 3021 1978 3073 quam
1997 3006 2257 3071 exagitat,
2281 3003 2484 3074 suisque
2503 3010 2694 3073 praejud

1458 3074 1609 3130 diciis
1648 3073 2043 3127 accommodatis
2064 3090 2081 3133 3
2134 3080 2195 3126 ut
2231 3075 2369 3127 enim
2397 3076 2690 3145 Centripetae

1460 3142 1656 3195 Gravia
1674 3140 1703 3195 a
1724 3140 2155 3195 Circumfercntia
2188 3143 2248 3194 ad
2281 3144 2536 3212 Centrum.
2562 3145 2694 3197 olim

1461 3208 1699 3263 decidiss'e
1713 3210 2069 3264 existimarunt
2088 3227 2105 3270 3
2149 3208 2217 3264 fic
2232 3212 2499 3264 Lucretius
2514 3214 2694 3278 eadem

1464 3279 1659 3333 Gravia
1683 3278 1714 3332 a
1728 3279 1916 3331 Centro
1936 3279 1992 3330 in
2011 3278 2286 3332 inferiores
2310 3279 2694 3335 circumferen-

1461 3348 1544 3401 tiae
1567 3354 1737 3415 partes
1761 3343 1993 3401 recasura
2013 3345 2111 3401 effe
2130 3349 2506 3416 pronuntiavit.
2683 3385 2691 3392 -

1470 3465 1475 3471 .
1502 3456 1506 3460 «
1536 3413 1831 3481 1064.Illi.]
1853 3417 2000 3472 Idem
2018 3419 2157 3484 qnod
2176 3416 2315 3470 Illic.
2338 3418 2429 3470 Sic
2443 3415 2555 3471 Ter
2572 3435 2585 3470 ι
2602 3417 2698 3474 Ina·

1464 3486 1619 3538 etiam
1635 3501 1920 3552 pronomen
1936 3486 2138 3539 admitti
2155 3485 2317 3553 potest
2332 3487 2698 3553 quamvisAni-

1463 3556 1614 3605 mulia
1637 3555 1890 3620 praecedat
1912 3570 1929 3612 ς
1968 3561 2168 3608 mutare
2208 3555 2346 3606 enim
2371 3570 2536 3621 genus
2555 3553 2694 3625 aeque

1463 3622 1588 3676 licet
1611 3622 1883 3690 placetque
1906 3623 2139 3674 Lucretio
2157 3662 2173 3687 ‚
2198 3637 2256 3676 ac
2272 3622 2405 3677 Aliis
2426 3624 2693 3677 Veterum.

1537 3696 1685 3745 1066.
1709 3690 1969 3755 Paiilein]
1993 3690 2704 3759 Paribzts,B.Diel‘que.‘]Dief

1465 3761 1560 3814 bus
1578 3759 1687 3814 Gif.
1710 3762 1798 3813 Pa.
1820 3761 1928 3814 Alii
1942 3760 1994 3813 fe
2072 3777 2249 3813 omnes
2269 3779 2282 3812 :
2302 3757 2514 3815 sedistis
2533 3760 2700 3824 omni-

1465 3831 1561 3902 bus
1577 3827 1854 3896 sapientior
1869 3771 2149 3883 Lamffinus
2167 3868 2184 3895 ‚
2208 3830 2298 3898 qui
2317 3828 2446 3897 legit
2464 3825 2696 3904 Diesquea

1540 3922 1690 3982 1067.
1729 3917 1827 3969 Sed
1844 3934 2009 3969 vanus
2030 3954 2047 3982 ,
2101 3913 2232 3980 &c.]
2280 3914 2608 3982 Explicatam
2638 3913 2703 3965 de

1468 3988 1660 4041 Centro
1708 3987 2007 4053 opinionem
2045 3985 2127 4038 his
2165 4002 2219 4038 v»
2267 3998 2345 4049 15.
2383 3982 2697 4050 aggreditur.

1467 4053 1747 4124 Primoque
1772 4055 1921 4109 docet
1946 4054 2156 4107 nullum
2175 4051 2432 4122 posse-effe
2462 4050 2706 4130 Medium

1469 4142 1588 4178 cum
1601 4125 1763 4177 Inane
1784 4121 1846 4177 fit
1861 4123 1902 4175 I
1897 4118 2706 4189 nfinitum:SicPlutarchus‚Uni-

1468 4191 1674 4246 versum
1694 4193 1948 4258 infinitum
1969 4191 2073 4256 est,
2110 4191 2321 4257 Infinito
2337 4195 2543 4253 autem,
2586 4204 2707 4242 cum
2779 4185 2782 4190 ’

1469 4278 1640 4329 neque
1661 4261 1981 4326 Principium
1997 4276 2164 4327 neque
2177 4259 2360 4314 finem
2374 4256 2709 4322 habeat‚111e*-

1470 4331 1606 4382 dium
1629 4328 1941 4382 haberenon
1976 4327 2257 4383 convenit:
2299 4328 2438 4380 Nam
2467 4324 2708 4392 &ipsum

2455 4458 2460 4462 .
2469 4396 2709 4448 Medium
