3064 4747
859 93 888 120 Δ

320 213 350 263 1
365 196 472 266 08

315 331 392 388 Et
405 325 840 398 quoniamPupi-Ha
862 324 1007 379 Oculi
1053 323 1062 329 ³

1103 184 1106 189 ’
1206 187 1273 254 Τ.
1380 186 1436 253 L
1494 182 1562 255 U
1604 185 1656 255 C
1701 186 1774 271 R
1807 188 1862 251 E
1915 186 1974 252 Τ
2015 186 2053 252 I
2096 182 2134 252 Ι

1166 315 1254 387 Et
1273 313 1589 403 quoniam
1613 315 1815 403 plagae
1834 315 2170 403 quoddam
2195 338 2406 401 genus
2429 313 2675 401 excipit
2695 313 2767 387 in
2787 309 2860 387 se

310 401 411 451 alio
437 386 567 450 iem}
582 415 760 463 genere
782 396 1008 463 percuti-
1079 406 1355 491 Pupula,
1382 406 1538 476 cum
1559 403 1796 477 sentire
1819 405 2131 477 Colorem
2153 406 2395 475 dicitur
2419 406 2690 488 Album,
2722 419 2865 487 810

312 476 398 522 tur
416 506 434 532 ‚
483 484 596 518 cum
616 467 822 518 colorem
845 465 1007 515 album

297 536 495 600 fimtire
526 535 760 598 dicatur,
803 531 871 595 Εἴ
909 533 1006 583 alio

1082 497 1297 583 Atque
1316 496 1494 566 aliud
1517 520 1744 585 porr0‚
1758 496 1828 567 N
1831 495 2051 580 ig'wm
2071 496 2249 580 cum,
2278 496 2341 564 ἃ
2364 495 2853 579 caetera,lentit‚

310 605 455 673 plane
473 602 673 665 diverso
692 619 806 653 cum
829 603 1013 667 eor-pm
1084 583 1156 656 N
1158 609 1231 656 ec
1258 581 1457 656 refert
1475 610 1551 656 ea
1569 632 1594 666 ,
1632 607 1780 672 quae
1801 587 2014 673 tangis
2035 635 2057 670 ,
2099 609 2232 672 quo
2252 582 2422 654 forte
2445 585 2689 655 Colore

312 669 1013 740 nigri‚autalius0010rissen-
1080 674 1361 750 Praedita
1383 673 1511 747 sint
1530 726 1552 756 ,
1586 677 1827 746 verum
1851 675 2028 763 quali
2053 678 2261 762 magis
2282 694 2429 760 apta
2452 676 2501 746 F
2505 675 2737 761 igura5

314 746 435 804 tiat3
457 741 525 803 Εἴ
541 758 652 792 cum
667 740 1008 792 nihilomnino

310 813 504 876 referat
536 827 627 878 quo
651 810 805 861 colore
823 826 878 860 ea
894 823 1003 873 qua

310 883 475 944 tangi}-
510 880 701 930 imbuta
717 876 844 939 funt
869 914 885 940 ‚
910 872 1003 935 sed

310 951 525 1001 m'ultum
562 964 658 1014 qua
679 947 853 1012 figura
877 942 925 1005 s
913 953 1004 996 unt

304 1017 520 1086 praedita
538 1054 555 1081 ‚
593 1017 720 1067 certi
745 1009 831 1084 effe
848 1005 1005 1081 possia-

310 1086 624 1139 musSemina
638 1101 731 1135 non
746 1079 1005 1152 necessario*

303 1155 499 1225 poscere
508 1153 710 1218 Colores,
716 1151 809 1214 sed
825 1152 1004 1205 varias

290 1227 493 1298 figuras
533 1260 551 1287 ,
612 1222 633 1273 ὲ
685 1223 862 1289 quibus
909 1218 1003 1283 illa

309 1293 498 1346 iduum
512 1292 738 1344 varietas
749 1291 998 1358 procedat.

308 1363 563 1416 ‚Praeterea
585 1362 815 1427 quoniam
838 1369 1003 1411 certm
1052 1387 1058 1396 ·

313 1432 452 1484 Color
467 1447 561 1481 non
580 1430 882 1480 attribuitur
898 1444 1004 1479 cer-

307 1500 561 1567 tisfiguris
576 1536 593 1562 ,
616 1496 685 1559 θ’
701 1498 864 1548 omnia
868 1497 1004 1564 figu-

308 1585 483 1621 rarum
495 1584 696 1633 genera,
718 1567 897 1634 quibus
916 1567 1003 1618 Se-

305 1641 445 1690 mina
468 1637 713 1687 donantur
734 1672 751 1699 ‚
845 1630 1004 1704 officnt

302 1705 531 1768 cuiusve}
553 1705 767 1757 Colorice
805 1721 829 1755 e
848 1741 868 1768 ,
900 1706 1000 1756 Cur

303 1778 459 1828 etiam
474 1774 560 1826 illa
580 1775 811 1839 Corpora,
832 1772 998 1836 cujus-
1073 1831 1078 1836 ,

304 1861 496 1911 cunque
508 1839 814 1908 generasmt
833 1880 851 1906 ‚
889 1859 997 1909 quae
1055 1899 1058 1904 ,

304 1912 527 1977 constant
543 1929 604 1963 ex
619 1912 682 1962 iis
695 1911 994 1975 Seminibus,

301 1984 471 2034 variis
486 1981 725 2031 coloribus
737 1989 914 2031 ornata
928 1979 998 2041 δ’

1248 1860 1348 1916 tas

1165 946 1486 1016 Praeterea
1505 996 1527 1024 ,
1581 947 1896 1032 quoniam
1920 969 2057 1015 non
2080 946 2271 1016 certis
2298 967 2471 1014 certa
2494 940 2725 1030 figuris

1079 1031 1187 1103 Est
1213 1054 1446 1105 natura
1472 1036 1734 1106 Coloris
1760 1086 1784 1120 ‚
1837 1038 1900 1106 &
1931 1036 2159 1105 omnia
2182 1035 2669 1120 Principiorum

1073 1125 1543 1200 Formamenta
1569 1140 1826 1211 queunt
1847 1125 1917 1196 in
1949 1127 2191 1212 quovis
2212 1122 2331 1194 esse
2354 1126 2423 1196 N
2427 1128 2594 1194 itote
2619 1150 2638 1193 ε
2854 1195 2859 1200 ,

1055 1216 1215 1288 Cur
1235 1238 1308 1283 ea
1329 1264 1351 1299 ‚
1374 1238 1521 1301 quae
1544 1212 1844 1286 constant
1863 1240 1945 1285 ex
1974 1215 2102 1287 illis
2125 1265 2147 1300 ,
2177 1239 2318 1285 non
2342 1214 2583 1301 pariter
2604 1209 2760 1284 sunt
2794 1279 2795 1282 ,
2856 1257 2863 1266 ·

1075 1303 1482 1391 Omnigenis
1501 1302 2118 1390 perfusacoloribus
2141 1306 2214 1374 in
2233 1328 2470 1392 genere
2491 1303 2857 1386 omni?820

1077 1393 1542 1465 Conveniebat
1564 1395 1745 1465 enim
1765 1396 2026 1467 Corvos
2049 1418 2315 1482 quoque
2336 1390 2501 1481 saepe
2521 1393 2851 1465 volanteis

1075 1485 1176 1556 Ex
1195 1483 1363 1554 albis
1394 1484 1621 1568 album
1644 1485 1877 1571 pennis
1901 1485 2136 1573 iactare
2159 1485 2448 1555 colorem
2470 1532 2494 1569 ‚

1075 1575 1158 1644 Et
1178 1574 1403 1660 nigros
1427 1571 1571 1644 fieri
1589 1574 1783 1662 nigro
1812 1575 1893 1645 de
1921 1571 2169 1645 semine
2191 1576 2458 1662 Cycnos
2479 1622 2504 1660 ,

1073 1666 1207 1735 Aut
1227 1666 1357 1740 alio
1377 1665 1620 1750 quovis
1647 1687 1788 1734 uno
1819 1715 1841 1750 ,
1892 1665 2213 1750 varioque
2232 1664 2471 1735 colore.
2832 1714 2861 1742 ·.

1164 1754 1560 1840 Quinetiam
1581 1755 1836 1841 quanto
1858 1755 1929 1825 in
1949 1756 2188 1842 parteis
2209 1778 2312 1827 res
2332 1776 2609 1841 quaeque
2629 1752 2861 1830 minu-.

1082 762 1257 837 Scire
1282 764 1435 835 licet
1457 816 1477 846 ‚
1530 766 1629 835 nil
1648 766 1992 852 Principiis
2017 790 2184 852 opus
2205 761 2322 834 effe
2346 764 2662 835 Colores:

1078 855 1202 926 Sed
1224 856 1423 925 variis
1445 854 1706 926 Formis
1733 857 2086 926 varianteis
2113 856 2302 925 edere
2323 858 2555 925 taetus.

2717 866 2857 980 8¹5.

2709 1854 2853 1928 825·

1067 1930 1475 2016 Distrahitur
1497 1933 1730 2021 magis,
1768 1931 1899 2004 hoc
1917 1933 2125 2022 magis
2145 1930 2237 2003 est
2263 1950 2342 2006 ut
2363 1954 2622 2020 cernere
2644 1927 2855 2018 poffis

298 2048 532 2114 dastincia
559 2066 653 2099 non
673 2059 940 2115 appareant
953 2055 976 2102 ἓ
1020 2050 1279 2115 oporteret
1296 2049 1428 2100 enim
1456 2049 1641 2100 Cervos
1659 2045 1886 2099 volantes
1908 2047 2072 2099 album
2096 2047 2309 2100 Colorem
2333 2062 2394 2098 ex
2412 2046 2549 2100 Albis
2562 2043 2873 2113 pennis-sam.

294 2133 359 2189 pe
368 2118 604 2186 spargere
622 2136 640 2169 .·
702 2119 883 2184 Cygnos
915 2120 1068 2169 etiam
1101 2118 1269 2183 nigros
1285 2118 1416 2169 oriri
1438 2135 1501 2169 ex
1521 2117 1666 2181 nigro
1691 2116 1890 2168 Semine
1909 2153 1927 2180 ‚
1981 2125 2070 2167 aut
2089 2116 2216 2168 alius
2240 2114 2462 2178 cujusvis
2486 2115 2663 2167 coloris
2681 2109 2767 2183 effe
2781 2131 2848 2166 ex

299 2190 584 2243 Seminibm
606 2186 703 2238 alio
725 2188 902 2255 quove&
923 2186 1087 2239 Colore
1099 2184 1330 2255 perfifis.
1403 2184 1620 2254 Insuper
1633 2222 1653 2251 ,
1690 2181 1783 2255 quo*
1802 2187 1959 2254 magis
1982 2185 2173 2238 dividis
2192 2202 2268 2237 res
2286 2184 2475 2253 aliquas
2495 2185 2549 2237 in
2561 2193 2730 2252 partes
2748 2184 2847 2236 mi-

292 2268 448 2316 nutas
467 2296 485 2322 ,
524 2253 573 2309 eo
591 2258 747 2323 magis

1408 2393 1733 2452 Nora.

370 2520 488 2575 809.
509 2508 583 2562 Et
598 2508 831 2577 quoniam
848 2506 1182 2575 Plag-e‚&c.]
1208 2510 1368 2564 Aliud
1386 2527 1540 2578 argu·
1609 2506 1747 2561 {ione
1772 2524 1952 2562 eorum
1974 2516 2152 2563 contra
2187 2524 2314 2579 quos
2340 2503 2566 2575 disputat
2583 2547 2601 2574 ‚
2651 2508 2847 2576 partim

298 2582 538 2633 mentum
567 2596 621 2631 v.
642 2593 691 2644 7.
713 2578 1041 2631 continetur:
1083 2579 1149 2631 In
1170 2580 1313 2633 omni
1335 2578 1538 2633 Coloris
1610 2593 1676 2629 ex
1701 2576 1980 2630 constantia
2008 2578 2256 2632 Colorum
2278 2616 2295 2643 ‚
2334 2579 2425 2647 qui
2449 2579 2504 2629 in
2522 2576 2734 2631 diversis
2760 2592 2846 2629 re-

295 2648 630 2715 perceptione
645 2646 857 2713 Pupilla
871 2645 1013 2699 oculi
1028 2648 1338 2715 percutitur,
1356 2647 1539 2703 Alium

1610 2661 1726 2698 rum
1743 2644 2023 2713 generibus'
2037 2648 2286 2714 apparent
2302 2662 2339 2711 ‚·
2359 2646 2588 2699 dustum.
2635 2645 2738 2711 Qui
2755 2661 2844 2698 co·

296 2715 425 2770 vero
444 2716 604 2769 istum
620 2712 774 2769 sentit
792 2713 910 2767 cum
927 2713 1075 2769 albus
1094 2715 1250 2775 Color
1265 2713 1539 2784 repraesen-
1608 2713 1774 2767 lerata
1792 2711 1997 2780 fingunt
2033 2713 2227 2768 semina
2263 2722 2430 2769 certos
2448 2715 2659 2769 Colores
2682 2715 2842 2768 certis

293 2791 439 2840 tetur
455 2823 471 2849 ‚
493 2785 547 2837 1&
562 2783 724 2836 alium
739 2780 860 2837 cum
875 2765 1059 2851 Niger,
1086 2792 1177 2839 aut
1192 2787 1363 2854 quivis
1379 2785 1531 2838 alius,
1544 2800 1551 2805 ⁴

294 2853 370 2917 At
418 2853 509 2907 uid
525 2852 735 2905 Semina
748 2851 1007 2919 postulent
1024 2853 1235 2907 Colores
1253 2853 1439 2922 quibus
1458 2854 1537 2905 d-i-

296 2937 395 2975 ver
417 2918 585 2973 imode
601 2928 873 2989 percutere
890 2923 943 2974 ‹S’c
959 2920 1121 2975 ferire
1137 2920 1323 2989 possint
1337 2922 1363 2976 ⁴?
1385 2922 1536 2975 Prin-

293 2991 434 3056 eipia
449 2989 542 3054 ista
560 2986 659 3041 smt
676 3027 693 3053 ,
712 2988 917 3042 tantum
936 2988 1275 3043 diverfimode
1292 2989 1531 3058 figurata,

294 3056 637 3112 diversimode
658 3059 814 3112 etiam
830 3056 914 3111 dis
941 3057 1207 3124 ofita‚inde
1229 3060 1383 3113 variae
1401 3060 1538 3112 Ima-

294 3129 446 3196 gines
464 3127 744 3191 orirentur,
769 3125 799 3178 a
845 3128 903 3180 ui
940 3144 1002 3180 us
1021 3127 1218 3182 Oculus
1237 3126 1537 3182 diversimo-

296 3193 361 3249 ἀὲ
380 3201 739 3264 percuteretur
757 3234 775 3261 ,
896 3194 1085 3249 diversi
1103 3202 1274 3250 motus
1299 3197 1354 3249 in
1373 3198 1536 3264 Orga-

295 3264 380 3317 nis
401 3264 768 3318 excitarentur.
862 3261 1015 3318 Visus
1039 3265 1178 3319 enim
1195 3306 1212 3332 ‚
1252 3264 1535 3320 secumdum

293 3333 588 3462 Epifilffrllm
605 3370 622 3398 ,
676 3327 759 3393 διαὶ
780 3333 872 3400 τῆς
885 3335 982 3391 τῶν
998 3329 1211 3393 &Mami
1222 3336 1286 3403 εἷς
1302 3333 1390 3400 τὴν
1413 3332 1536 3404 ’ὄψιν

294 3427 319 3462 ε
365 3427 408 3458 π
430 3425 603 3467 ωσεως.

298 3427 485 3595 Ρὲιιι.
534 3471 668 3537 Opus
710 3463 795 3540 ql}
829 3471 1024 3524 colores.
1040 3469 1067 3536 ]
1109 3524 1122 3543 ,
1147 3470 1230 3527 Ita
1275 3472 1481 3527 Nonius
1518 3491 1531 3525 ε

395 3546 516 3594 utus
537 3576 555 3603 ‚

1606 2780 1788 2849 figuris
1802 2798 1908 2835 non
1925 2785 2216 2837 attribuunt
2231 2818 2249 2849 ‚
2286 2800 2391 2836 non
2427 2782 2685 2839 affirmant
2702 2784 2845 2848 Qua-

1607 2851 1751 2904 drata
1768 2851 1942 2903 omnia
1958 2851 2167 2906 Semina
2182 2853 2348 2921 Nigra
2365 2850 2483 2919 effe,
2499 2852 2842 2907 necRotunda

1605 2918 1739 2972 Alba
1756 2957 1773 2984 ‚
1815 2916 2185 2986 Triangularia
2217 2920 2447 2975 Czerulea
2466 2960 2482 2986 ‚
2523 2923 2623 2975 &c.
2685 2921 2840 2975 Unde

1607 2987 1768 3054 igitur
1801 2987 1891 3041 ista
1925 2989 1982 3041 in
2018 2987 2322 3058 quibusdam
2349 3006 2524 3043 rerum
2558 2990 2841 3058 generibus

1607 3055 1887 3111 constantia
1902 3058 1929 3110 ’ἓ
1954 3057 2058 3112 Cur
2075 3076 2253 3111 omnes
2272 3059 2428 3112 Corvi
2446 3060 2644 3124 Nigri,
2665 3059 2847 3129 Cygni

1606 3125 1816 3178 interim
1833 3126 1990 3179 Albi?
2015 3126 2255 3180 Profestb
2272 3133 2552 3195 utrumque
2567 3143 2731 3194 genus
2748 3144 2844 3181 va-

1606 3195 1697 3247 riis
1734 3194 1995 3249 coloribus
2032 3194 2300 3262 perfusum
2334 3195 2630 3249 videremus
2660 3235 2677 3261 ,
2716 3194 2842 3251 cum

1608 3263 1818 3317 Semina
1841 3301 1858 3327 ‚
1922 3261 1948 3316 ὲ
1976 3264 2163 3333 quibus
2200 3274 2581 3332 componuntur
2601 3303 2618 3330 ‚
2676 3266 2840 3321 variis

1607 3331 1868 3386 coloribus
1885 3334 2117 3401 contingi
2131 3331 2335 3402 poffint.
2578 3354 2579 3357 ¹
2750 3352 2821 3392 m

1676 3428 1795 3483 816.
1819 3424 1942 3476 Non
1961 3423 2150 3488 certia]
2184 3422 2210 3478 ὲ
2232 3425 2389 3479 MSS.
2410 3424 2700 3487 Lambinus,
2728 3426 2845 3479 Ni..

1587 3490 1648 3559 fi
1660 3495 1807 3544 certis
1826 3530 1842 3553 ‚
1879 3492 2107 3546 Nardius
2128 3528 2146 3556 ‚
2186 3490 2442 3560 imperite.

1681 3571 1798 3619 822·
1820 3560 1905 3612 Ex
1926 3562 2062 3614 Alba
2077 3562 2239 3614 album
2253 3561 2470 3630 pennis]
2510 3562 2710 3616 Melius
2729 3561 2844 3617 for·

372 3625 545 3677 Omnes
590 3627 843 3679 maritimi
875 3625 1087 3680 Milites
1107 3627 1224 3689 jam
1269 3641 1388 3696 opus
1408 3628 1539 3693 sunt
1608 3627 1695 3682 fim
1716 3630 1901 3682 Penne
1921 3630 2072 3698 quam
2093 3631 2301 3683 Pariter
2315 3628 2575 3685 Gaffendi.

465 3727 471 3734 -
508 3695 621 3746 tibi.

294 3762 551 3818 Similiter
566 3762 746 3817 Cicero
762 3798 781 3829 ,
805 3765 858 3819 &
876 3761 1037 3820 Caesar
1058 3781 1073 3816 ε
1095 3764 1368 3819 Lucretius
1388 3764 1498 3835 ipse
1513 3806 1532 3833 .‚
1609 3777 1656 3846 8ἰ
1683 3768 1733 3819 di

292 3832 336 3886 1„
365 3832 409 3884 1.
433 3849 485 3885 v.
515 3846 663 3897 1050.
757 3864 759 3879 ι
1021 3880 1026 3883 .

564 3901 780 3969 Infinita
800 3914 920 3969 opus
943 3901 1009 3966 est
1024 3903 1109 3954 vic
1124 3901 1403 3956 Materiai'.

296 3968 370 4026 Et
389 3968 483 4022 lib.
510 3970 614 4022 111.
636 3988 687 4024 ν.
710 3981 828 4036 981.
1477 4001 1490 4022 x

560 4038 816 4091 Materies
837 4048 958 4102 opus
973 4035 1054 4102 est.

365 4109 484 4165 816.
504 4107 756 4158 Praeterea
771 4106 1001 4173 quoniam
1019 4144 1037 4173 ,
1065 4104 1196 4173 &c.]
1219 4106 1380 4162 Aliud
1398 4122 1452 4160 v.
1475 4121 1525 4172 9.

285 4169 565 4242 abjungit
578 4175 961 4244 Argumentum
981 4212 1001 4243 ,
1036 4177 1232 4246 partim
1245 4192 1314 4233 ex
1332 4172 1534 4232 confes-

1679 3709 1796 3818 82¹5.
1813 3699 2114 3766 „Quinetiam
2128 3709 2309 3766 quanto
2331 3737 2347 3763 ‚
2388 3702 2488 3754 &c-
2509 3697 2532 3763 ]
2560 3700 2760 3753 Iterum
2780 3717 2836 3755 v.

1759 3775 1921 3834 putat.
2011 3767 2293 3832 Quodlibet
2314 3769 2511 3836 Corpus
2549 3768 2842 3823 coloratum

1606 3836 1779 3888 divide
1800 3873 1817 3900 ‚
1857 3836 1959 3916 quo
1979 3837 2285 3891 minutiores
2302 3836 2437 3891 fiunt
2450 3837 2714 3903 particulae
2731 3874 2747 3900 ‚
2774 3837 2843 3891 eo
2910 3873 2921 3881 ·

1606 3903 1821 3957 dilutior
1854 3905 1916 3958 fit
1933 3905 2086 3959 Color
2111 3944 2128 3971 ‚
2188 3906 2242 3959 ἃ
2280 3906 2487 3959 tandem
2506 3943 2523 3971 ‚
2585 3905 2689 3957 imo
2713 3905 2845 3961 dum

1606 3971 1872 4037 particulae
1913 3981 2123 4027 manent
2164 3971 2426 4027 senfibiles
2462 4012 2478 4040 ‚
2531 3970 2789 4028 evanescit
2825 3992 2841 4026 ε

1607 4040 1973 4120 Imprudenter
1991 4044 2154 4111 igitur
2189 4042 2518 4109 expectamus
2535 4043 2746 4098 Colores
2782 4044 2844 4101 in

1602 4109 1898 4164 Seminibus
1921 4128 2095 4165 rerum
2111 4150 2128 4177 ‚
2170 4127 2299 4179 quos
2313 4113 2368 4164 in
2390 4111 2696 4164 exilioribus
2714 4111 2846 4166 Cor-

1602 4191 1789 4247 porum
1807 4179 2042 4248 partibus
2061 4179 2251 4235 frustra
2269 4180 2564 4250 quaerimus.

2436 4331 2846 4410 Evanescere
