3064 4747
379 211 529 283 330

375 329 615 384 Fubnina
630 369 647 395 ‚
692 330 762 392 Εἴ
777 331 923 382 multi
961 329 1066 383 Tu-

377 400 563 451 multus
599 401 652 451 in
693 400 812 452 Coelo
850 400 1067 450 exciten-

377 478 498 531 tur,
543 466 611 528 &
648 470 877 535 quoniam
902 468 1065 518 utrin-

377 554 470 603 que
504 538 717 604 ancipiti
747 535 861 587 bello
876 548 1064 601 pugna-

376 616 480 669 tur,
500 606 522 656 ὲ
535 615 678 671 parte
696 604 903 668 AEstatis
917 603 1064 665 Igni-

378 675 485 738 bm,
504 674 684 740 &parte
705 673 903 738 Hyemis
931 668 1065 724 mn-

375 740 597 809 instmul
612 741 680 803 θ’
696 738 1064 794 Humore.Haec

362 810 504 874 sitire
533 810 598 875 est
608 809 882 878 perspicere
904 807 1063 876 ipsam

374 883 640 935 Naturam
681 878 895 944 igniferi
940 875 1064 929 Fut-

377 951 526 1001 minic
542 986 559 1013 ‚
595 946 664 1009 &³
679 946 949 1012 intelligere
967 961 1062 1012 qua

375 1019 441 1070 vi
459 1035 562 1083 rem
595 1033 833 1083 quamque
854 1016 1060 1078 faciat:

375 1086 590 1150 Frustra
634 1094 797 1137 autem
836 1083 931 1137 Ille
975 1084 1062 1150 qui

374 1156 524 1207 libros
533 1151 1062 1214 Etruscorumsolicit?

377 1225 577 1276 evolvit
595 1261 612 1287 ,
642 1232 700 1274 ut
719 1220 909 1281 secreti
943 1222 1062 1272 Nu-

376 1294 567 1344 minum
582 1289 769 1357 consilii
780 1291 969 1341 indicia
985 1290 1063 1339 in·-

375 1364 578 1430 quirat‚
620 1370 692 1412 ut
722 1355 1065 1426 superstitiose

376 1440 511 1482 notet
550 1430 572 1480 ὲ
613 1446 709 1495 qua
744 1438 888 1495 parte
950 1428 1066 1478 Coeli

376 1501 540 1565 erupit
575 1498 718 1562 Ignis
734 1535 751 1561 ,
802 1499 822 1547 i
841 1513 872 1546 n
918 1513 1064 1563 quam

375 1569 539 1621 tendit
554 1604 571 1631 ‚
607 1583 699 1632 quo
723 1565 858 1616 modo
877 1577 963 1630 per
983 1566 1063 1615 do-

376 1653 567 1688 morum
590 1634 814 1686 Parietes
830 1630 1027 1697 tranfiit
1045 1671 1062 1696 ‚

380 1703 450 1767 Εἴ
471 1721 563 1770 quo
579 1701 713 1754 modo
724 1700 875 1767 faita
896 1702 1065 1768 strage

377 1774 594 1836 exierit,
632 1769 701 1831 89³
729 1770 847 1837 quid
871 1771 1064 1822 malicie

385 1842 506 1897 Coelo
544 1841 748 1893 veniens
764 1839 1026 1906 portendat
1045 1857 1062 1890 .·

1403 865 1530 937 stra

376 1912 448 1965 N
444 1928 523 1961 am
534 1907 636 1976 post
651 1910 776 1959 hane
790 1907 1066 1974 inquisitio-

372 1997 485 2030 nem
513 1979 599 2043 fa
617 1974 666 2029 c‘t
679 1994 707 2026 a
727 1994 776 2027 m
805 1978 1063 2028 Naturam

375 2049 624 2102 Fulminis
645 2042 1062 2112 ignorabit.‚Qu‹3d

356 2116 419 2185 st
427 2116 639 2184 Jupiter
658 2152 674 2178 ,
694 2123 840 2182 atque
858 2114 950 2165 alii
966 2114 1063 2166 Dii

374 2185 611 2239 horrendo
640 2183 853 2249 fragore
894 2181 1062 2249 splen-

373 2256 537 2308 dentes
550 2254 711 2305 domos
728 2249 926 2314 eoelelles
941 2269 1059 2319 qua-

374 2325 514 2378 tiunt
529 2362 546 2389 ‚
584 2321 652 2384 {9³
668 2335 759 2389 pro
796 2321 943 2373 libitu
968 2322 1057 2383 ja-

373 2395 516 2452 ciunt
532 2393 769 2445 Fulmina
791 2408 812 2451 ‚·
848 2407 938 2441 eur
971 2388 1056 2453 isti

1396 2320 1547 2375 rant
1564 2304 1597 2378 ἲ

374 2453 474 2515 Dii
493 2479 587 2513 non
590 2462 804 2525 faciunt
824 2499 840 2525 ‚
867 2468 925 2510 ut
943 2462 1030 2526 qui
1048 2478 1142 2518 non
1157 2472 1342 2517 cavent
1363 2461 1673 2524 tifi‘eleribm
1695 2480 1801 2531 quae
1817 2462 1987 2514 debent
2008 2460 2273 2525 aversari,
2306 2456 2336 2530 (

1136 954 1378 1035 Iudicia
1402 956 1677 1025 occultae
1695 955 1951 1026 Divum
1975 955 2347 1042 perquirere
2380 955 2646 1038 mentiS,
2676 954 2682 962 ’

1136 1045 1330 1118 Unde
1355 1047 1583 1115 volans
1609 1047 1786 1133 Ignis
1807 1048 2202 1133 pervenerit,
2230 1065 2347 1114 aut
2372 1045 2439 1113 in
2461 1064 2678 1114 utram
2700 1039 2774 1113 se

1134 1135 1426 1207 Verterit
1446 1134 1552 1205 hic
1574 1155 1848 1221 partem,
1885 1158 2017 1222 quo
2038 1138 2226 1222 paeto
2252 1158 2363 1220 pet
2385 1135 2523 1203 loca
2547 1131 2722 1220 septa
2797 1139 2814 1153 ”

1137 1222 1514 1310 insinuarit,
1546 1228 1609 1296 &
1632 1224 1789 1294 hine
1815 1224 2195 1296 dominatus
2222 1245 2295 1294 ut
2319 1225 2628 1293 extulerit
2648 1222 2737 1303 se,

1136 1314 1406 1407 Quidve
1427 1338 1663 1384 nocere
1682 1333 1881 1400 queat
1902 1314 1984 1385 de
2004 1314 2491 1385 coelofulminis
2516 1315 2704 1384 ictus.
2769 1325 2915 1404 385·

1224 1405 1433 1492 Quod
1469 1402 1514 1475 fi
1536 1406 1796 1490 Jupiter
1819 1424 2017 1489 atque
2039 1405 2145 1474 alii
2167 1403 2484 1490 fulgentia
2505 1403 2645 1473 divi
2679 1416 2692 1429 ‘

1136 1493 1457 1566 Terrifico
1481 1495 1788 1582 quatiunt
1808 1491 2025 1565 sonitu
2056 1493 2334 1564 coelestia
2352 1494 2619 1580 templa,

1138 1586 1219 1655 Et
1248 1585 1497 1674 jaciunt
1530 1585 1759 1670 igneis,
1783 1607 1915 1669 quo
1934 1582 2243 1670 cuique’st
2262 1607 2544 1669 cumque
2561 1585 2905 1669 voluptaS,

1137 1675 1545 1760 Cur‚quibus
1563 1677 1904 1744 incautum
1923 1669 2124 1743 scelus
2139 1668 2487 1742 aversabile
2506 1672 2901 1759 cumque'st,

1136 1764 1207 1835 N
1208 1788 1298 1835 on
1317 1762 1592 1848 iaciunt,
1622 1764 1732 1834 icti
1757 1761 2050 1834 flammas
2072 1782 2147 1833 ut
2167 1761 2470 1849 Fulguris
2496 1762 2724 1832 halent
2775 1785 2804 1852 3
2814 1785 2906 1847 90

1136 1855 1405 1925 Peetore
1422 1851 1701 1942 perfix0,
1731 1854 2060 1923 documen
2083 1852 2473 1922 mortalibus
2495 1852 2694 1924 acre?

1135 1945 1216 2014 Et
1236 1943 1455 2031 potius
1479 1943 1676 2013 nullae
1698 1941 1817 2013 fibi
1844 1943 2049 2030 turpis
2076 1937 2454 2012 consciu'rei

1136 2034 1453 2105 Volvitur
1481 2036 1545 2103 in
1568 2033 1849 2103 flammis
1879 2033 2219 2116 innoxius,
2252 2035 2450 2117 inque
2470 2029 2762 2121 peditur,

1133 2124 1438 2196 Turbine
1461 2121 1700 2195 coelesti
1724 2119 1942 2193 subito
1964 2143 2313 2209 conreptus
2343 2125 2404 2192 ἃ
2434 2122 2622 2207 igni?

1220 2215 1359 2285 Cur
1396 2215 1595 2284 etiam
1634 2212 1775 2287 loca
1814 2209 1945 2285 sola
1964 2232 2200 2302 petunt
2222 2262 2244 2302 ,
2276 2209 2641 2302 frustraque
2671 2208 2857 2281 labo-

1156 195 1225 263 r.
1329 160 2101 287 LUCRETII'

1140 329 1471 414 Fulmina,
1501 323 1974 413 tempestasque
1997 327 2207 397 cietur
2228 326 2493 397 turbida
2525 325 2717 407 coele,
2781 344 2924 414 ³75

1137 420 1421 506 Ancipiti
1444 417 1760 506 quoniam
1790 416 1962 487 bello
1987 416 2293 487 turbatur
2315 420 2646 503 utrinque,

1138 510 1314 581 Hinc
1336 508 1677 591 Flammis,
1712 507 1892 576 illinc
1916 507 2177 589 Ventis,
2223 508 2656 591 Humoreque
2687 503 2920 576 mist0.

1224 600 1378 670 Hoc
1397 596 1489 667 est
1511 595 1768 685 igniferi
1795 613 2094 667 naturam
2126 597 2452 669 Fulminis
2475 593 2673 682 ipsam

1138 684 1532 774 perspicere,
1571 691 1633 756 &
1654 711 1779 773 qua
1805 687 1869 754 vi
1895 683 2085 756 faciat
2106 709 2245 754 rem
2276 710 2603 772 quamque
2632 684 2916 754 videre:

1136 779 1300 851 Nou
1345 773 1696 864 Tyrrhena
1738 779 1919 847 retro
1970 778 2352 846 volventem
2394 776 2683 847 carmina
2723 772 2870 844 fru-

2783 880 2920 953 380

1913 2310 1928 2333 ⁸
2769 2318 2899 2392 ³95

2350 2462 2438 2528 qui
2462 2458 2703 2514 horrenda
2706 2458 2896 2520 fielera

373 2524 721 2597 committunt)
749 2527 1023 2595 pettoribm
1028 2529 1253 2592 fulmine
1269 2532 1760 2597 transfixit-flammas
1779 2532 2016 2598 Fulguri»-
2036 2533 2267 2582 emittant
2284 2567 2301 2593 ‚
2335 2530 2446 2584 aliis
2462 2529 2742 2581 hominibm
2758 2528 2897 2579 divi-

374 2616 452 2650 nae
472 2597 712 2650 vindic‘tae
730 2596 914 2663 insigne
934 2599 1322 2654 monimentum?
1365 2603 1463 2653 Cur
1491 2601 1657 2668 potiics
1678 2600 1920 2654 Innocens
1952 2598 2020 2660 Εἴ
2041 2598 2290 2652 Innoxim
2314 2600 2402 2665 qui
2437 2597 2618 2649 nauita·
2663 2597 2896 2648 Criminis

357 2667 466 2736 sthi
484 2665 777 2731 conseiusstt
801 2704 817 2731 ,
855 2666 1095 2720 Flammis
1110 2669 1400 2721 involvitur
1417 2707 1433 2732 ,
1460 2669 1528 2730 ἐρ’
1550 2670 1817 2737 impeditur
1838 2707 1854 2730 ‚
1898 2669 2117 2720 Turbt'ne
2155 2664 2336 2728 Ocelesti
2366 2666 2435 2735 ξφ
2449 2666 2577 2740 Igne
2604 2657 2894 2736 (Fulmine)

362 2733 746 2804 Jiebito'afflatus
766 2742 789 2789 ἓ
829 2736 929 2786 Cur
953 2738 1104 2788 etiam
1121 2739 1175 2789 in
1197 2735 1385 2798 deserta
1402 2739 1507 2790 loca
1519 2740 1726 2801 jaciunt
1742 2776 1759 2802 ,
1784 2734 2059 2804 &frustra
2075 2737 2336 2794 laborant?

1487 2830 1808 2885 Nora.

448 2913 566 2975 376.
606 2908 839 2975 Ancipiti
863 2907 1046 2972 beffa]
1083 2909 1219 2963 Vere
1254 2912 1307 2964 ἃ
1337 2911 1603 2965 Autumno

377 2978 532 3033 Calor
547 2979 599 3031 8:
612 2978 812 3043 gFrigus
833 2980 1151 3031 contendunt
1167 2996 1184 3039 3
1222 2978 1411 3033 AEstate
1429 2981 1600 3046 Calor,

375 3044 583 3114 Hyeme
607 3046 794 3112 Frigus
818 3047 1128 3100 dominatur.

448 3124 566 3179 378.
606 3114 717 3167 Hoc
736 3114 800 3178 est
823 3114 1066 3181 Igniferi‚
1104 3115 1235 3182 Βία]
1271 3118 1336 3170 V.
1362 3128 1410 3177 8.
1434 3118 1603 3171 Sacri-

375 3181 655 3242 fieulorum
705 3183 1079 3251 Augurumque
1130 3187 1308 3253 generi
1348 3184 1563 3241 insultat
1583 3203 1600 3245 ὅ

375 3249 512 3330 Istue
527 3288 544 3314 ‚
577 3251 780 3318 inquit}
816 3250 888 3305 est
902 3249 1030 3306 scire
1049 3269 1159 3321 quae
1181 3262 1364 3310 natura
1394 3253 1455 3309 sit
1477 3255 1602 3309 Ful-

375 3319 533 3372 minis
549 3356 565 3383 ,
606 3319 706 3372 &c.
739 3320 875 3388 quod
894 3336 1158 3389 nunquam
1176 3323 1231 3376 in
1251 3324 1432 3378 vestris
1452 3323 1601 3377 libris

374 3386 834 3454 deliramentorum
879 3388 1049 3455 plenis
1095 3393 1363 3458 reperietis
1391 3410 1404 3446 z
1448 3388 1603 3447 Retro

373 3456 664 3510 volventem
683 3493 699 3521 ‚
737 3456 791 3508 id
815 3456 885 3509 est
904 3496 920 3521 ,
965 3456 994 3509 a
1014 3459 1182 3525 capite
1211 3462 1273 3512 ad
1305 3462 1497 3515 calcem
1516 3499 1532 3525 ,
1574 3459 1602 3514 ὲ

375 3524 519 3578 calce
535 3524 596 3577 ad
615 3530 771 3591 caput
780 3524 1039 3588 volvendo
1058 3564 1075 3590 ,
1100 3528 1417 3582 revolvendo
1439 3531 1603 3583 aniles

375 3593 496 3647 istos
514 3592 678 3646 libros
701 3609 830 3660 quos
851 3593 1120 3661 Tyrrheni
1142 3592 1230 3650 seu
1247 3594 1408 3650 Tusci
1428 3598 1604 3651 condi-

376 3664 582 3716 derunt.
622 3657 803 3722 Faber.
842 3661 994 3715 Nihil
1018 3662 1119 3715 diei
1156 3665 1326 3731 potuit
1349 3664 1561 3721 brevius
1585 3704 1602 3731 ‚

373 3737 470 3788 aut
501 3726 808 3798 elegantius

448 3801 565 3864 380.
597 3796 901 3868 Tyrrhenia]
928 3798 1102 3866 Tages
1125 3800 1263 3853 enim
1279 3795 1368 3869 (ut
1381 3802 1435 3854 in
1455 3802 1605 3857 libris

376 3869 451 3923 est
469 3862 870 3936 Hetruscorum>
891 3867 945 3919 in
963 3883 1086 3935 agro
1104 3868 1466 3940 Tarquiniensi
1487 3870 1605 3924 cum

369 3945 517 3992 ¹terra
536 3944 788 4001 araretur,
809 3938 861 3989 Sc
879 3933 1051 3998 sulcus
1075 3934 1199 3990 effet
1222 3936 1379 3991 altius
1395 3939 1466 3991 im
1505 3937 1607 3992 res-

377 4005 481 4068 ins,
509 4003 731 4060 extitisse
752 4002 961 4071 repente
980 4005 1173 4059 dicitur
1192 4022 1210 4066 ς
1232 4007 1283 4060 &
1310 4006 1455 4059 Haru
1480 4008 1609 4073 piei-

376 4090 456 4126 nae
472 4071 752 4141 disciplinae
768 4081 1021 4141 praecepta
1049 4071 1309 4128 tradidisse
1332 4092 1347 4125 :
1380 4075 1497 4129 Vid.
1522 4076 1607 4129 ci-

372 4143 581 4196 ceronis
595 4141 689 4195 lib.
714 4142 787 4196 11.
807 4143 870 4195 de
890 4143 1122 4200 Divinat.
1151 4145 1205 4197 &
1226 4142 1422 4198 Lucani
1441 4144 1535 4197 lib.
1557 4144 1602 4197 1.

376 4223 432 4263 v.
465 4223 582 4274 530,
609 4221 726 4275 587,
744 4215 863 4264 606.
1365 4258 1368 4265 .

435 4289 553 4343 384.
578 4278 718 4340 Hine
731 4278 1011 4333 dominatus
1026 4290 1084 4333 nt
1099 4281 1337 4335 extulerit
1339 4279 1447 4347 se.]
1470 4281 1608 4336 Nam

383 4346 580 4400 reditus
600 4345 859 4401 Fulminis
878 4346 1103 4403 maxime
1127 4348 1509 4407 observabatur.

1708 2916 1825 2978 386.
1844 2909 1993 3040 ,gued
1987 2912 2048 2979 st
2055 2912 2283 2980 Jupiter,
2291 2909 2421 2975 &e.]
2443 2908 2682 2965 Verlibus
2700 2916 2783 2977 36.
2803 2912 2896 2977 Jo-

1671 2983 1745 3045 vi‚
1766 2981 1982 3049 aliique
2003 2982 2116 3035 Diis
2133 2980 2288 3047 eripit
2304 2980 2564 3040 Fulmina,
2585 2979 2774 3047 quibus
2793 2997 2894 3033 non

1672 3048 1790 3104 satis
1810 3051 2093 3130 prudenter
2110 3051 2190 3102 uti
2203 3050 2508 3102 videantur:
2534 3046 2796 3129 Etiisflem
2818 3065 2895 3101 ar-

1670 3115 2892 3265 effi?„ffiffifflfiffisssssssszpffissfffl

1671 3255 1819 3309 nulla
1838 3254 1908 3308 est
1922 3256 2189 3309 Divinatio
2211 3272 2223 3308 ε
2246 3255 2303 3308 Si
2320 3253 2443 3308 verb
2464 3254 2548 3306 Du
2564 3255 2891 3318 emitterent,

1672 3342 1763 3379 cur
1797 3323 2043 3377 Scelerati
2060 3321 2311 3377 Homines
2344 3321 2525 3376 intasti
2541 3360 2557 3388 ,
2588 3322 2893 3376 Innocentes

1672 3391 1797 3447 verb
1818 3389 1944 3459 saepe
1959 3391 2287 3459 perimuntur
2305 3390 2332 3444 ’ἶ
2369 3390 2506 3455 Quid
2521 3389 2729 3457 proficit
2743 3390 2895 3457 Jupi-

1673 3469 1752 3515 ter
1768 3500 1785 3526 ‚
1809 3458 1928 3514 eum
1944 3461 1999 3514 in
2014 3457 2234 3513 desertas
2257 3456 2559 3513 solitudines
2580 3458 2805 3514 Fulmen
2824 3459 2897 3524 ja-

1674 3529 1772 3583 cit?
1798 3529 1934 3594 Quid
1955 3528 2075 3582 cum
2092 3528 2148 3580 in
2168 3528 2395 3580 medium
2411 3527 2561 3580 Mare
2577 3526 2604 3579 ’ἶ
2624 3527 2760 3591 Quid
2777 3525 2894 3581 cum

1673 3600 1729 3651 in
1743 3597 2008 3652 altiffimos
2026 3604 2225 3650 montes
2244 3635 2261 3660 ‚
2295 3597 2432 3664 quod
2465 3595 2771 3663 plerumque
2793 3593 2892 3650 fit?

1676 3667 1779 3720 Cur
1795 3667 2016 3734 denique
2031 3665 2237 3732 nullum
2252 3662 2357 3716 sine
2374 3663 2615 3717 Nubibus
2632 3663 2892 3717 Fulmen?

1677 3735 1781 3788 Cur
1818 3733 1908 3787 sua
1944 3734 2136 3801 templa
2168 3740 2320 3801 atque
2353 3732 2572 3786 aliorum
2605 3732 2893 3786 Numinum

1676 3803 1999 3857 Simulaehra
2032 3800 2279 3856 discutit?
2333 3800 2435 3853 Hic
2478 3800 2643 3853 multa
2673 3801 2860 3854 acriter
2875 3838 2891 3866 ‚

1675 3871 1841 3926 multa
1856 3872 1917 3924 ad
1935 3870 2214 3925 ridiculum
2232 3869 2366 3922 dista
2381 3868 2634 3922 invenies.

1745 3945 1863 4006 386.
1902 3940 2013 3994 Alii
2036 3935 2221 4004 Divi.)
2272 3935 2604 3991 Thuscorum
2625 3935 2786 3990 literae
2805 3953 2892 3990 no.

1676 4025 1794 4061 vem
1833 4008 1970 4062 Deos
2004 4008 2229 4062 Fulmen
2283 4007 2518 4060 emittere
2569 4004 2855 4060 existimant
2876 4024 2887 4057 :

1678 4078 1882 4129 Plinius
1907 4077 1992 4129 lib.
2022 4077 2094 4129 II.
2123 4089 2232 4143 cap.
2261 4090 2343 4141 52.
2383 4071 2677 4138 Arnobius‚
2703 4090 2754 4140 p.
2779 4090 2886 4128 122.

1677 4145 1791 4197 Diis
1830 4162 2008 4197 novem
2026 4145 2241 4211 Jupiter
2261 4142 2544 4213 potestatem
2554 4143 2778 4208 jaciendi
2806 4141 2892 4204 sui

1676 4213 1924 4267 Fulminis·
1979 4211 2177 4280 ermisit.
2654 4258 2660 4263 .
2987 4259 2988 4264 ,

1676 4278 2530 4421 ρέοξῆἄκσὲἐεὲιξὲηςὲῗίτῖοὶῇἦῗι
2549 4298 2567 4335 ⁶·
2606 4280 2677 4337 Et
2701 4296 2751 4336 v·
2774 4289 2883 4348 388·
