3064 4747
1035 164 1926 286 ἔσθ’)ωεὲοὲς

164 395 249 462 in
294 370 569 479 Physicis*
603 368 1016 479 tmpiffnnum
1041 380 1347 468 induxit}
1398 370 1566 456 Nec
1602 373 1843 454 minus
1872 390 2089 479 turpe
2111 376 2335 478 figere
2376 376 2452 458 in
2489 370 2749 483 Ch'aog

166 485 541 583 indigesta
588 482 1102 583 particularum
1154 481 1502 579 congerie
1543 475 1818 555 temere
1883 477 2483 572 discurrentium,
2513 506 2520 513 ’
2553 487 2750 566 Cen.

174 601 399 664 trum
454 582 758 684 aliquod
801 635 824 670 ,
901 578 1056 682 quo
1102 580 1363 682 sponte
1416 578 1536 657 sua
1587 579 1801 655 bruta
1862 578 1938 680 &-
1987 582 2176 657 iners
2225 574 2531 663 Materia
2577 587 2754 667 fera-

177 701 337 766 tur.
388 732 393 735 -
445 686 884 760 Membranam
937 690 1221 778 Leucippi
1249 687 1563 778 praeteriit
1584 734 1606 766 ‚
1686 676 1982 757 Grande
2034 681 2185 758 hoc
2234 684 2533 784 quidem
2578 686 2754 768 faci-

180 812 337 865 nus
388 786 462 861 &
511 781 994 862 inexcusabile
1034 804 1053 859 ε
1110 782 1404 881 Nempe
1445 779 1803 879 simplices
1844 778 2160 859 Atomos
2198 783 2276 858 in
2318 782 2631 885 Pingues
2671 792 2748 872 δὲ

187 888 489 965 Macras
520 902 674 963 non
699 881 972 971 divisit,
1031 907 1187 959 non
1218 880 1488 981 ‚docuit
1530 878 1819 979 Aqueas
1862 877 2317 1004 Pinguesque
2416 882 2748 971 articula&

187 986 691 1064 Terrestribus
744 986 817 1061 δε
862 983 1131 1061 Macris
1180 996 1562 1082 utcunque
1613 980 1920 1058 leviores
1978 981 2277 1059 celerius
2368 986 2743 1088 ubsidere3

182 1086 551 1185 Denique
593 1109 747 1162 non
775 1084 1288 1162 demonstravit
1331 1080 1627 1181 Corpus
1653 1079 1988 1160 Solidum
2023 1082 2094 1157 &
2121 1106 2338 1180 grave
2365 1089 2623 1186 pingui
2665 1091 2750 1169 li..

186 1190 421 1287 quori
449 1183 757 1262 infidens
782 1183 1009 1285 Aquae
1033 1177 1271 1260 multo
1296 1181 1555 1259 leviori
1577 1185 1897 1261 innatare
1920 1179 2121 1282 p'offe
2146 1180 2377 1285 :uHaec
2403 1185 2566 1267 sunt
2587 1215 2751 1293 quae

190 1291 275 1365 in
309 1284 858 1386 Philosophiam
901 1280 1264 1361 commisit
1302 1291 1603 1380 Epicurus
1632 1338 1654 1370 ,
1706 1280 2204 1382 cum-Leucippi
2250 1289 2752 1373 membranam

191 1389 571 1489 praeteriit.
707 1384 847 1462 Sed
893 1411 1083 1479 neque
1136 1387 1346 1457 Maris
1365 1432 1385 1463 2
1468 1409 1661 1479 neque
1699 1391 2025 1459 Montium
2050 1440 2072 1472 ,
2152 1396 2344 1481 neque
2397 1399 2753 1469 cavitatum

200 1502 419 1563 Terrae
442 1541 465 1573 ,
548 1505 660 1561 aut
700 1505 1061 1561 ceteramm
1077 1538 1099 1570 ‚
1154 1508 1308 1578 quas
1353 1491 1421 1558 in
1471 1484 1652 1579 ipstus
1678 1485 1901 1579 forma
1938 1486 2329 1581 conspicimus
2347 1544 2369 1576 ‚
2445 1498 2754 1588 inaequali.

197 1609 415 1664 tatum
458 1586 662 1679 causas
707 1584 969 1659 reddere
1012 1590 1224 1678 potuit
1249 1638 1273 1669 ‚
1331 1602 1443 1658 aut
1489 1583 1848 1677 verisnniles
1893 1606 2007 1660 aut
2051 1587 2416 1668 tolerabiles.
2541 1593 2752 1673 Nihil

197 1713 306 1766 un
370 1709 534 1762 uam
579 1686 807 1782 magis
857 1679 1108 1782 inique
1146 1682 1462 1773 dicium,
1524 1679 1695 1761 cum
1737 1686 1860 1762 ista
1907 1689 2156 1763 omnia
2187 1695 2445 1783 ⁴Epicuri
2487 1689 2753 1795 Hypo..

200 1710 418 1865 theffis
456 1782 672 1862 unice
726 1783 1049 1883 explicet
1088 1807 1108 1861 ε
1203 1782 1679 1877 Conveniunt
1718 1785 1974 1863 Atomi
2016 1787 2270 1877 laeves,
2329 1796 2687 1873 ,rotundae
2720 1853 2745 1886 ,

201 1888 555 1973 lubricae‚
610 1884 1037 1982 angulares,
1113 1882 1371 1984 asperae
1407 1942 1426 1972 ,
1481 1884 1831 1972 hamatae,
1907 1911 2160 1984 graves
2209 1892 2400 1979 alioe,
2457 1893 2610 1972 aliae
2650 1898 2755 1975 le-

203 1991 494 2065 viores:
552 1982 823 2063 Graves
855 1982 1226 2064 subsidunt
1265 2041 1289 2074 ,
1371 1984 1715 2064 Leviores
1764 1987 1838 2063 δι
1879 1986 2174 2066 lubricae
2217 1994 2749 2079 extruduntur:

200 2087 319 2167 Ex
365 2089 449 2163 iis
492 2085 752 2181 Ma're3
811 2089 1165 2187 quoniam
1201 2082 1378 2164 vero
1422 2087 1574 2164 aliae
1628 2086 1779 2164 aliis
1826 2103 2027 2165 erant
2069 2099 2295 2189 magis
2330 2095 2748 2194 implicitae,

205 2191 385 2267 ideo
424 2212 680 2265 omnes
729 2213 882 2265 non
910 2185 1277 2288 aequaliter
1321 2185 1774 2265 subsidebant
1804 2243 1827 2274 ‚
1881 2202 2100 2289 atque
2148 2195 2318 2270 inde
2347 2193 2746 2290 CavitateS,

208 2290 595 2376 Cavernae‚
655 2289 1088 2365 &immanis
1136 2288 1264 2365 iste
1308 2285 1575 2364 Alveus
1609 2290 1683 2365 in
1733 2312 1953 2390 quem
2005 2289 2226 2369 Maris
2275 2296 2502 2396 Aquae
2537 2298 2757 2398 spon-

211 2407 290 2469 te
332 2389 764 2468 defluebant.
873 2398 1154 2485 Antiqua
1172 2437 1208 2452 -
1229 2390 1500 2464 barbara
1542 2387 1634 2476 Εὖ)
1670 2391 2064 2485 vetustffma
2104 2401 2429 2489 ignoravit
2465 2428 2487 2468 .-
2541 2402 2636 2477 At
2663 2402 2757 2481 de

214 2495 307 2569 iis
349 2500 648 2587 Epicurus
690 2490 873 2568 olim
925 2487 1223 2590 copiose
1263 2484 1627 2567 disseruit:
1704 2488 1824 2567 De
1867 2496 2174 2569 recentis
2220 2494 2488 2574 Mundi
2534 2500 2758 2579 Tem..

213 2594 418 2695 perie
444 2647 466 2679 ‚
547 2589 890 2692 Coelique
932 2589 1359 2679 clementia,
1439 2589 1534 2666 de
1571 2587 1988 2669 Primorum
2029 2590 2447 2675 Hominum
2491 2600 2759 2701 longae.

215 2697 490 2777 vitate,
569 2691 663 2768 de
714 2706 882 2769 ortu
935 2690 1376 2770 Animalium
1424 2713 1518 2767 ex
1563 2691 1936 2791 oleaginea
1978 2699 2268 2773 materia
2297 2753 2321 2787 ,
2383 2701 2456 2774 ἃ
2495 2704 2759 2803 (quod

215 2795 627 2871 maximum
677 2793 776 2868 est
829 2790 1094 2866 Theoriae
1152 2793 1732 2882 ornamentum)
1773 2793 1865 2870 de
1907 2792 2041 2875 situ
2092 2797 2290 2877 resto
2315 2797 2632 2881 'Telluris
2669 2803 2763 2883 ad

219 2893 468 2973 Solem
505 2916 528 2985 ;
584 2888 764 2968 Haec
800 2893 1152 2980 breviter,
1210 2916 1373 2993 quae
1424 2907 1670 2988 tamen
1712 2891 1872 2970 satis
1915 2895 2410 2975 demonstrant
2452 2926 2604 2980 non
2650 2903 2764 2982 so-

218 2996 377 3072 lum
446 3000 774 3090 Epicurum
846 2991 1236 3091 Magistros
1293 2991 1459 3070 suos
1519 2989 1821 3091 indigne
1879 2996 2190 3073 cavillari
2239 3023 2265 3092 3
2368 2999 2761 3101 aliquando

219 3090 437 3211 fufius
486 3090 842 3171 deducam
894 3148 918 3182 ,
1015 3091 1188 3171 cum
1237 3103 1459 3170 Tecum
1522 3093 1615 3171 de
1665 3092 1945 3173 Rerum
2006 3112 2260 3176 natura
2305 3096 2633 3183 disserere
2677 3106 2765 3183 li·

217 3208 472 3274 cuent.

424 3359 534 3440 In
576 3356 752 3438 vero
793 3357 1003 3436 fatale
1048 3357 1333 3436 videtur
1392 3356 1640 3438 Poetae
1685 3358 1937 3438 nostro
1968 3416 1992 3450 ,
2050 3373 2135 3439 ut
2167 3415 2191 3448 ,
2249 3363 2376 3461 qui
2413 3359 2764 3461 scripserit

224 3468 302 3542 in
349 3465 631 3540 incerto
690 3458 1134 3559 Reipublicae
1178 3458 1362 3538 statu
1411 3514 1434 3549 ,
1520 3462 1673 3559 eius
1718 3458 1977 3564 scripta
2045 3464 2123 3538 in
2187 3461 2487 3540 turbido
2538 3462 2771 3563 expli-

225 3579 485 3645 centur
500 3617 524 3651 ,
579 3560 715 3640 Ille
756 3570 1127 3636 Memmium

772 3696 1025 3792 Quem
1052 3697 1174 3778 Tu
1192 3753 1216 3786 ,
1266 3695 1426 3776 Dea
1455 3752 1478 3787 ,
1536 3710 1875 3800 tempore
1902 3703 1979 3778 in
2009 3701 2216 3779 omni

553 3835 926 3928 Omnibus
962 3855 1308 3919 ornatum
1342 3839 1632 3918 voluisti
1665 3842 2018 3920 excellere
2044 3845 2308 3926 rebus:

232 3993 392 4090 Ego
440 3997 649 4070 omni
680 3992 1061 4072 Virtutum
1111 4018 1379 4093 genere
1421 4018 1671 4094 parem
1723 3988 2103 4071 desidero:
2160 3991 2292 4069 Te
2320 3991 2517 4068 enim
2550 3987 2774 4069 Musis

235 4096 554 4171 dicatum
606 4111 1002 4193 rapuerunt
1044 4093 1329 4183 Castra,
1390 4092 1726 4192 sacrilege
1767 4093 2085 4172 dicerem
2113 4141 2134 4171 ‚
2181 4089 2308 4168 nisi
2351 4089 2493 4167 Eos
2529 4092 2780 4189 postu-

235 4196 408 4273 laret
460 4199 876 4272 communis
926 4194 1174 4285 Salus,
1232 4198 1361 4296 qui
1398 4196 1812 4286 liberalibus
1845 4192 2234 4293 disciplinis
2277 4190 2593 4269 instructi
2645 4193 2777 4269 Ar-

218 4312 386 4384 tem
439 4311 829 4399 opponant
871 4294 1134 4386 Dolis,
1197 4287 1655 4397 Fraudesque
1696 4294 1991 4376 Virtute
2036 4296 2112 4384 δι
2158 4292 2775 4468 Constantiadgluf

1653 4455 1656 4456 ν
2658 4406 2765 4469 nt.
