3064 4747
121 161 463 245 ·‘104

313 288 595 354 concursm,
614 285 1020 351 motmdiversc

294 356 444 428 fint3
468 377 575 427 quae
596 356 862 419 nonsoliem
874 356 1003 408 Ani-

313 429 485 492 malia,
494 427 584 490 sed
595 428 796 491 Terras,
819 425 1000 489 Mare,

318 495 387 558 δ’
408 498 585 550 Coelum
599 495 630 549 ὰ
653 495 823 576 Τενῦ
835 491 1003 560 differ-

312 582 369 618 re
395 565 607 629 faciant
622 583 640 616 :
678 564 838 616 Nunc
875 580 963 627 age
983 599 1000 626 ‚

315 632 452 686 aida
475 651 580 685 mea
596 671 613 698 ‚
656 649 762 701 quae
780 629 1003 694 jucundo

314 703 477 755 labore
496 702 703 767 congeffi
715 739 732 766 ‚
766 701 907 768 perci
940 716 963 749 e
980 716 1001 760 ,·

316 788 377 822 ne
387 771 534 835 fort&
556 770 722 822 credas
752 786 828 821 res
859 770 881 819 i
916 785 1001 833 aa,

351 857 438 891 uas
455 839 598 891 vides
612 838 770 892 Albas
786 875 804 903 ,
838 854 898 889 ex
913 835 1005 889 Al-

313 856 398 964 zis
432 908 716 961 Seminibm
748 907 969 973 componi
981 922 1003 965 ,-

316 986 407 1028 aut
425 976 615 1044 Nigras
633 976 656 1027 ὲ
673 975 853 1043 Nigris
875 1012 893 1039 ,
916 982 1006 1025 aut

314 1062 393 1097 res
422 1044 519 1096 alio
541 1046 717 1111 quom&
736 1044 890 1096 colore
911 1044 1005 1094 im-

315 1114 459 1166 butae
480 1152 497 1179 ‚
536 1113 641 1165 ideo
660 1111 803 1177 istim
828 1112 1006 1164 Color&

314 1176 401 1252 ff?
429 1180 448 1247 ζ
505 1183 624 1249 quia
657 1182 861 1234 Semina
899 1181 1006 1243 ejus

279 1287 287 1307 .
312 1260 461 1305 erant
501 1250 662 1304 eodem
708 1252 870 1303 Colore
904 1250 1007 1300 tin-

315 1317 436 1382 ὕας
468 1317 538 1372 In
567 1319 848 1371 Seminibus·
877 1319 1007 1369 enim

314 1388 479 1442 nunus·
515 1387 581 1453 cst
601 1389 793 1440 omnino
830 1386 966 1438 Color
986 1424 1003 1451 ‚

315 1473 468 1524 neque
462 1455 650 1524 similis
665 1495 682 1523 ,
704 1474 855 1524 neque
877 1455 1007 1518 diffi’-

317 1526 452 1579 milis
481 1525 560 1577 illi
591 1564 608 1591 ‚
663 1525 753 1593 qui
781 1527 837 1577 in
863 1525 1007 1577 rebus

318 1611 440 1662 quac
472 1602 764 1661 componunt
783 1602 1003 1660 apparet.

317 1662 450 1731 ,ραι
473 1664 683 1729 Corpora
700 1657 730 1732 (
746 1662 874 1714 nullo
888 1663 1002 1715 viz.

325 1733 491 1792 Colore
506 1729 662 1783 tinfla
730 1729 791 1798 fi
813 1732 1008 1798 concipi

319 1817 415 1853 non
428 1794 553 1868 poffi‘
577 1801 661 1852 exi
701 1801 820 1852 imes
838 1838 856 1865 ‚
890 1799 1008 1866 infi-

319 1871 489 1922 nitum
524 1885 660 1919 errae
680 1885 700 1919 .·
746 1886 861 1919 nam
894 1885 1007 1919 cum

328 1939 458 1991 Caeci
475 1939 587 1989 nati
606 1974 623 2001 ,
648 1938 737 2005 qui
757 1954 1007 2005 nunquam

1100 113 1184 228 r.
1262 155 2046 239 rUcRETII

1072 280 1478 370 Concursus,
1505 285 1786 356 Motus:
1810 308 1963 444 puae
1981 307 2123 355 non
2146 281 2469 355 Animalia
2492 278 2716 359 solum

1072 377 1372 458 Corpora
1396 369 1778 465 sejungunt,
1838 374 1918 449 ed
1951 375 2216 459 Terras,
2247 398 2322 444 ac
2341 375 2532 445 Mare
2556 390 2781 443 totum

1074 468 1463 548 Secernunt,
1503 464 1954 551 Coelumquea
1981 464 2211 536 Terris
2237 486 2440 533 omne
2463 479 2818 533 retentant.

1161 556 1234 626 N
1237 578 1370 626 unc
1389 578 1506 640 age
1524 553 1700 624 dicta
1724 578 1875 625 meo
1895 554 2070 625 dulci
2090 550 2356 639 quaefita
2376 552 2600 623 labore

1075 645 1337 731 Percipe
1363 667 1380 714 t
1413 667 1496 713 ne
1518 639 1690 714 forte
1716 642 1855 714 haec
1884 643 2062 719 Albis
2083 666 2166 712 ex
2190 642 2354 714 Alba
2380 641 2581 713 rearis
2660 715 2665 718 ,
2721 662 2862 727 730

1076 734 1414 822 Principiis
1436 730 1555 803 effe
1574 783 1596 813 ‚
1618 751 1771 805 ante
1794 735 2023 816 oculos
2047 757 2192 824 quae
2215 731 2515 804 Candida
2534 729 2745 801 cernis
2765 756 2791 800 ι

1079 826 1212 896 Aut
1235 848 1335 908 ea,
1369 847 1517 910 quae
1540 824 1612 895 N
1616 824 1857 911 igrant‚
1885 824 2105 911 Nigro
2125 823 2208 893 de
2231 822 2497 894 Sernine
2524 838 2680 891 nata
2701 846 2723 889 ε

1076 917 1272 986 Neve
1290 913 1492 984 alium
1519 915 1825 999 quemvis
1851 937 1997 1001 quae
2023 910 2176 983 sunt
2198 911 2428 982 induta
2450 911 2736 982 colorem
2758 958 2787 996 ‚

1077 1005 1428 1092 Propterea
1450 1025 1672 1090 gerere
1695 1002 1876 1074 hunc
1899 1002 2122 1074 credas
2153 1049 2174 1082 ‚
2209 1001 2388 1089 quod
2409 1000 2721 1074 Materia'i

1076 1095 1376 1182 Corpora
1398 1089 1723 1163 confimili
1750 1091 1878 1164 fint
1897 1096 2041 1181 ejus
2065 1093 2268 1163 tincta
2288 1091 2526 1162 colore.
2721 1111 2801 1178 73
2815 1107 2867 1178 5·w

1076 1184 1325 1255 Nullus
1350 1182 1530 1253 enim
1556 1183 1760 1254 Color
1783 1181 1876 1253 est
1901 1184 2181 1254 omnino
2206 1182 2519 1254 Materia'i

1078 1271 1489 1431 CO‘P⁰²'{³b.¹{!⁸
1508 1322 1534 1356 ,
1581 1295 1797 1359 neque
1831 1296 1949 1362 par
1985 1272 2186 1344 rebus
2208 1322 2233 1358 ‚
2304 1294 2522 1359 neque
2568 1269 2859 1358 denique

1392 1388 1413 1432 1
1445 1386 1576 1449 par.

1163 1452 1246 1524 In
1270 1475 1416 1538 quae
1436 1475 1712 1539 corpora
1732 1448 1783 1523 fi
1806 1451 2031 1524 nullus
2050 1450 2171 1522 tibi
2191 1447 2360 1523 forte
2378 1449 2644 1521 videtur

1077 1539 1256 1614 Poffe
1275 1542 1480 1613 animi
1500 1541 1784 1629 injectus
1808 1537 1952 1612 fieri
1972 1592 1997 1628 ‚
2037 1542 2263 1629 procul
2285 1541 2476 1612 avius
2496 1563 2671 1610 erras
2691 1565 2714 1610 ε

1077 1634 1261 1706 Nam
1283 1652 1439 1703 cum
1463 1632 1796 1732 Caecigeni
1811 1682 1836 1719 ,
1890 1633 2062 1705 Solis
2093 1633 2209 1719 qui
2235 1632 2489 1703 lumina
2511 1653 2683 1702 nun-

1347 1744 1549 1810 quarn

1080 1806 1402 1898 Aspexere
1421 1863 1441 1894 ,
1468 1830 1692 1884 tamen
1712 1808 2110 1901 cognoscant
2128 1834 2404 1898 corpora
2422 1810 2639 1883 Tac'tu
2657 1858 2690 1896 ‚.

1079 1902 1178 1973 Ex
1198 1901 1476 1994 ineunte„
1490 1925 1639 1972 aevo
1664 1902 1850 1973 nullo
1869 1904 2203 1973 contincta
2223 1901 2440 1972 colore
2461 1926 2483 1969 ε

2724 1733 2861 1808 740

319 2007 450 2060 Solis
519 2006 677 2058 lucem
732 2006 965 2058 viderint
986 2044 1004 2073 ‚
1078 1991 1252 2064 Scire
1276 1993 1428 2064 licet
1450 1993 1661 2063 menti
1680 2015 1945 2080 quoque
1964 1991 2206 2067 nostrae
2235 1991 2531 2080 Corpora
2551 1980 2727 2077 poss'e

330 2073 493 2129 Taflu
509 2073 802 2140 cognoscunt
834 2075 1009 2141 Corpo-

318 2159 399 2208 ra,
420 2162 527 2213 quae
542 2142 671 2195 nuno
684 2160 901 2215 unquam
924 2143 1088 2198 Colore
1105 2125 1584 2206 imbutasentiebdnt
1601 2182 1620 2210 ,
1653 2144 1768 2199 inde
1778 2136 2023 2214 pofflcmus
2038 2140 2262 2210 conigere
2276 2179 2296 2210 ,

229 2422 232 2425 ·
322 2407 598 2462 Retentant
618 2447 635 2472 ‚
678 2424 743 2461 ne
764 2406 965 2462 Coelum
997 2424 1117 2462 cum
1142 2408 1327 2462 Terris
1346 2403 1557 2460 miscea-

205 2976 216 2977 ’
326 2956 499 3010 voluit
529 2955 798 3009 Lucretius
829 2994 846 3021 ‚
908 2958 1045 3023 apud
1088 2955 1242 3009 illum
1285 2956 1562 3009 Retentant

1430 2245 1756 2318 Nora.

391 2347 511 2405 728.
559 2338 828 2406 Coelumque
845 2337 876 2391 ὰ
905 2337 1077 2392 Terrae
1096 2355 1232 2391 omne
1253 2334 1552 2403 retentant]
1585 2332 1755 2468 llere.
1811 2337 1975 2394 Faber
1993 2354 2011 2389 .·
2060 2336 2159 2392 Cui
2201 2335 2465 2392 crederem
2495 2332 2537 2390 fi
2578 2329 2854 2405 proba'ffet.

1623 2407 1792 2477 ,Quem
1806 2446 1824 2473 ,
1861 2405 2164 2463 Gaffendus.

1696 2505 1817 2559 735.
1836 2491 2033 2557 ‚Tine’ia
2056 2491 2266 2558 Colore]
2298 2491 2475 2559 Ταὲἕα,
2494 2491 2798 2548 Lambinus.

1695 2586 1817 2642 738.
1842 2575 1912 2628 In
1932 2590 2041 2641 quae
2062 2575 2271 2642 Corpora
2267 2571 2328 2640 fi
2336 2611 2353 2638 ‚
2374 2571 2520 2636 &c.]
2570 2569 2738 2626 Senfit
2753 2570 2862 2624 Lu-

1630 2646 1817 2696 cretius
1847 2640 1898 2697 se
1936 2642 2116 2696 multis
2153 2640 2282 2709 aegre
2312 2636 2672 2709 persuasurum
2704 2637 2860 2694 fuiss'e

1630 2712 1805 2765 nullos
1823 2709 1924 2764 effe
1944 2711 2000 2763 in
2020 2710 2319 2764 Seminibus
2334 2748 2351 2775 ‚
2379 2708 2432 2764 &
2450 2709 2668 2776 proinde
2690 2724 2860 2777 neque
2928 2744 2957 2765 ‚·

1630 2782 1685 2834 in
1723 2777 1843 2847 ipsis
1860 2777 2168 2846 Compofitis
2188 2816 2205 2843 ,
2230 2779 2460 2832 Colores.
2538 2777 2860 2841 Praejudiciis

1631 2850 1769 2903 enim
1787 2846 1995 2916 penitus
2018 2846 2315 2901 obedientes
2335 2885 2352 2912 ‚
2389 2846 2543 2913 pauci
2565 2846 2784 2900 credunt
2807 2843 2861 2899 se

1630 2918 1829 2986 aliquid
1860 2917 2176 2984 Corporeum
2201 2914 2340 2983 poffe
2372 2915 2644 2981 concipere
2665 2952 2682 2979 ,
2720 2915 2862 2983 quod

1630 3003 1736 3039 non
1767 2983 1832 3041 fit
1864 2984 2199 3044 Coloratum3
2228 2985 2449 3053 ideoque
2483 2980 2710 3048 semina,
2748 2999 2862 3051 quae

1630 3062 1803 3108 mente
1821 3054 1964 3122 perci
2002 3054 2020 3106 i
2052 3069 2156 3105 non
2179 3051 2385 3120 poffunt
2400 3090 2417 3118 ,
2459 3057 2640 3119 utpote
2658 3051 2863 3106 Color-is

1616 3124 1899 3190 expertia,
1929 3120 1967 3175 fi
2007 3123 2023 3174 i
2047 3120 2257 3175 obtrudi
2291 3138 2396 3174 non
2414 3119 2593 3173 ferunt
2627 3137 2640 3172 ε
2702 3117 2881 3175 Hisce*

1634 3192 1946 3261 praejudiciis
1962 3207 2016 3244 v.
2032 3204 2082 3256 9.
2103 3188 2332 3244 breviter
2349 3189 2594 3243 occurrit.
2634 3188 2765 3243 Caeci
2778 3205 2865 3242 res

1634 3261 1967 3329 percipiunt,
2011 3275 2230 3327 quarum
2269 3266 2443 3312 tamen
2477 3256 2690 3312 Colores
2728 3273 2870 3310 nun-

1636 3345 1789 3399 quam
1803 3328 2063 3387 viderint3
2104 3343 2201 3380 nec
2218 3327 2385 3380 omnis
2405 3341 2582 3379 rerum
2597 3327 2866 3394 perceptio

1635 3396 1741 3452 una
1760 3414 1879 3450 curn
1904 3397 2025 3450 Sole
2056 3396 2247 3451 occidit
2268 3434 2285 3462 ‚
2326 3396 2383 3447 in
2397 3392 2696 3449 denfiffimis
2721 3400 2872 3448 tene-

1637 3467 1744 3519 bris
1762 3482 1867 3518 non
1882 3462 2054 3517 minus
2073 3463 2169 3517 illa
2183 3501 2200 3529 ,
2230 3480 2340 3534 quae
2363 3464 2623 3531 tangimus
2641 3501 2658 3528 ‚
2697 3464 2871 3530 perci-

1635 3537 1806 3604 pimus
1829 3572 1846 3599 ,
1889 3532 2042 3603 quam
2074 3533 2170 3585 illa
2198 3550 2309 3603 quae
2348 3533 2518 3586 medio
2552 3532 2636 3586 die
2661 3531 2713 3587 &
2745 3531 2871 3586 luce

1638 3600 1908 3658 clariffima
1923 3599 2204 3656 versamus,

1706 3704 1825 3758 739.
1867 3691 2046 3744 Animi
2088 3688 2315 3755 injee'im.
2343 3689 2368 3755 ]
2422 3685 2646 3743 Venuste
2692 3687 2873 3742 admo-

1640 3759 1763 3813 dum
1785 3778 1798 3812 t
1846 3760 1949 3814 Res
1969 3760 2309 3828 percipiendae
2329 3756 2393 3811 ab
2412 3758 2602 3811 Animo
2623 3758 2872 3812 videntur

1639 3835 1864 3892 remotae,
1886 3830 1942 3882 in
1965 3846 2049 3881 cas
2065 3825 2168 3881 sese
2185 3827 2357 3891 injicit
2374 3844 2539 3892 mens,
2565 3828 2618 3881 &
2637 3833 2871 3894 arreptas

1640 3898 1893 3965 percipit:
1933 3897 2041 3951 Alii
2057 3914 2151 3965 pro
2167 3897 2312 3950 Fieri
2331 3934 2347 3960 ,
2371 3897 2540 3948 Ferri.

322 2483 429 2538 tur,
454 2476 726 2530 Lambinus
745 2494 763 2529 :
792 2477 837 2530 Ο
876 2475 1001 2530 time
1022 2477 1320 2532 concludit:
1348 2476 1558 2530 Semina

359 2546 532 2599 uidem
567 2545 784 2609 distant,
851 2545 913 2597 ed
932 2545 1028 2599 nifi
1045 2544 1334 2600 Intervalla
1352 2583 1371 2609 ,
1409 2545 1518 2598 viae
1537 2572 1557 2610 ,

391 2621 527 2678 otuS,
547 2616 647 2668 Sec.
669 2614 853 2669 itidem
868 2613 1140 2669 differrent
1158 2652 1175 2679 ‚
1206 2614 1395 2667 Omnia
1411 2629 1559 2680 pror-

321 2676 429 2746 suS‚
454 2683 657 2736 Coelum
678 2721 695 2746 ,
714 2683 886 2746 Mare,
905 2683 1105 2745 Sidera,
1131 2684 1232 2736 &a
1273 2681 1560 2736 confimde-

325 2757 507 2804 rentur
529 2769 546 2802 :
578 2751 758 2803 Faber.
818 2751 900 2805 Ita
932 2768 1040 2805 vox
1061 2751 1153 2805 ista
1182 2750 1456 2804 Retentant
1489 2749 1562 2802 est

324 2819 408 2872 vis
425 2820 695 2884 maxime,
740 2817 852 2889 nisi*
876 2819 971 2872 illa
1008 2820 1319 2887 impediret,
1355 2817 1561 2873 Coelum

326 2887 491 2952 Mari,
515 2888 666 2940 Mare
681 2887 866 2941 Terris
885 2885 1190 2941 misceretur
1204 2927 1220 2953 ,
1238 2896 1291 2941 at
1306 2886 1441 2940 nihil
1455 2886 1561 2939 tale

239 3030 241 3033 “
325 3024 467 3160 ἓᾶζὲῃι
499 3022 653 3092 plane
689 3025 827 3093 quod
846 3019 1189 3093 distinguunt,
1236 3032 1327 3078 aut
1345 3022 1563 3089 faciunt

362 3111 379 3144 ι
420 3110 541 3145 erre.

398 3175 518 3227 729.
547 3164 709 3214 Nunc
726 3179 815 3228 age
836 3200 853 3227 ‚
876 3161 1009 3214 aiffa
1025 3178 1127 3213 meo
1167 3158 1299 3224 &c.]
1326 3163 1430 3220 Καὶ
1461 3157 1560 3225 μὴν

328 3238 378 3305 ³ss
404 3228 502 3298 τοὶς
529 3228 741 3299 Ατὸμες
770 3234 983 3297 νομις-έον
999 3270 1015 3296 ,
1056 3199 1300 3297 μηὲεμίοιν
1327 3227 1566 3291 ποιότκἹοι

328 3300 427 3359 τῶν
446 3302 741 3366 Φαινομένων
763 3302 1109 3375 προσφέρεσθαι
1126 3297 1258 3362 miv
1274 3296 1560 3392 χήμας-(6),

331 3378 381 3443 ²9
395 3366 556 3442 βάρεις
570 3407 588 3435 ,
620 3380 668 3443 ²9
683 3370 896 3436 μεγέθες
909 3409 928 3435 ,
960 3381 1008 3443 ²9
1026 3366 1127 3427 ‘io-a
1144 3368 1194 3438 ἐξ
1210 3367 1445 3434 οἷνοιγκκς
1466 3365 1567 3442 χῆ-

267 3449 271 3453 “
331 3436 511 3506 aava&
522 3439 752 3522 „eumeuii
779 3438 871 3504 ἔςι.
953 3435 1222 3505 Ποιότκτες
1243 3436 1351 3511 ’γάρ
1379 3434 1527 3495 ἄλλαι
1545 3476 1561 3502 ,

333 3504 425 3566 οἷον
440 3530 629 3579 χρωμοι
643 3532 697 3566 τε
713 3549 729 3573 ,
754 3518 802 3580 ²9
825 3505 1074 3580 θερμότης
1089 3546 1106 3573 2
1138 3504 1280 3581 πικροὶ
1313 3506 1400 3568 τὴν
1423 3507 1565 3564 θέσιν

333 3577 431 3635 τῶν
447 3573 664 3643 Ατᾶμων
681 3573 1074 3657 mecchinga-av,
1116 3571 1186 3633 3ιό
1218 3585 1265 3651 ²³3
1300 3580 1413 3641 ταῖς
1435 3573 1566 3633 Arc'-

257 3689 264 3697 „
333 3669 445 3714 μοις
476 3644 530 3702 ἐκ
577 3644 758 3719 {vverde
804 3669 906 3705 ενα-ι.
965 3643 1218 3712 Epicurus
1250 3645 1314 3696 ad
1348 3643 1569 3696 Herodo-

336 3724 462 3767 tum.
499 3711 748 3767 ‘Eandem
795 3714 1076 3766 ententiam
1104 3713 1378 3767 Lucretius
1411 3729 1570 3779 expo-

335 3782 450 3847 nit,
490 3783 542 3835 &
562 3799 614 3835 v.
636 3797 686 3846 9.
728 3781 936 3852 Semina
964 3780 1185 3835 affirmat
1224 3782 1458 3834 colorum
1479 3798 1569 3833 ex-

337 3852 508 3918 pertia
525 3889 542 3914 ,
568 3866 633 3902 ne
670 3866 735 3902 ue
753 3866 882 3916 opus
903 3847 1002 3903 effe
1021 3848 1260 3903 alborum
1281 3848 1535 3903 seminum
1551 3887 1568 3913 ,

335 3925 398 3973 ut
420 3918 615 3972 Album
663 3925 776 3971 oret
798 3916 1146 3984 Compofitum
1162 3957 1179 3984 ,
1202 3934 1369 3987 neque
1395 3919 1570 3986 nigro-

337 4003 456 4042 rum
476 4026 496 4053 ,
529 3995 591 4042 ut
606 3988 849 4055 Nigrum.
1017 4034 1052 4041 ,1
1710 4002 1829 4053 742.
1868 3988 2027 4040 Nullo
2053 3988 2230 4040 Colore.
2250 3986 2276 4052 ]
2310 3984 2549 4040 Relative
2568 3986 2631 4039 ad
2649 3985 2878 4055 Gaecige-

408 4068 528 4122 733.
567 4055 826 4125 Qua-sunt
843 4052 1067 4118 induta]
1096 4054 1404 4109 Emendatio
1421 4054 1571 4107 Lam-
1640 4072 1765 4108 nos:
1806 4055 1992 4124 Neque
2024 4055 2166 4109 enim
2186 4071 2416 4125 unquam
2440 4055 2683 4122 Corporis
2703 4054 2876 4110 ullam

337 4126 448 4176 bini
463 4163 480 4189 ‚
501 4127 558 4176 in
574 4126 698 4180 Cod.
714 4124 919 4177 Imbuta
945 4141 962 4175 .·
1001 4124 1152 4187 Quod
1171 4123 1344 4177 Latini
1365 4124 1571 4176 Sermo·
1642 4124 1992 4191 cognitionem
2019 4123 2112 4177 fibi
2134 4140 2380 4192 peperere
2405 4139 2502 4191 ope
2523 4124 2743 4178 Coloris.
2769 4125 2876 4178 Fa-

340 4192 424 4243 nis
439 4195 569 4246 ratio
592 4192 865 4260 improbat.
915 4192 1118 4246 Deinde
1139 4209 1204 4245 ex
1222 4192 1440 4258 Epicuri
1459 4189 1573 4245 sen·
1642 4194 1741 4245 ber.
1772 4191 2028 4245 c'ontinaa
2046 4231 2065 4259 ,
2103 4193 2384 4249 Lambinus
2408 4191 2640 4247 Contaaa
2660 4210 2678 4247 .·
2724 4192 2797 4249 Ut
2821 4194 2875 4249 &

340 4260 505 4313 tentia
521 4262 749 4331 Corpora
762 4278 869 4316 non
886 4258 1094 4331 poss'unt
1122 4261 1228 4316 dici
1246 4259 1449 4317 imbuta
1476 4260 1573 4318 Co·
1652 4259 1810 4316 Tac‘ia
1826 4299 1844 4328 ,
1868 4279 1921 4316 v.
1943 4265 2064 4329 746.

2680 4352 2879 4428 Verti
