3064 4747
795 176 2114 266 :ARGUME-NTum·

175 353 277 451 effe
298 352 517 426 docuit
551 382 572 424 .·
639 360 721 424 Et
738 370 816 424 ut
852 354 1000 425 olim
1020 347 1369 448 affivmzfft
1392 356 1699 425 Animum
1719 352 1826 447 effe
1844 336 2158 447 potiorem
2177 358 2368 426 totius
2391 354 2710 450 Compofiti

164 463 418 540 partem
440 495 466 531 ‚
500 442 594 532 sic
612 442 693 514 ab
717 445 963 516 Animo
981 446 1199 537 potius
1219 448 1408 537 qucim
1429 442 1516 535 ab
1531 446 1775 516 Anima
1796 453 1999 515 vitam
2137 444 2358 517 endere
2373 496 2398 533 ‚
2443 444 2709 536 &stilu-

174 556 293 608 tem
334 534 655 605 Animalis
696 532 1057 622 conservari
1085 530 1313 626 afferit.
1369 534 1614 605 Deinde
1656 537 1697 605 ἀ
1731 562 1796 605 υ.
1829 548 1984 621 418.
2013 561 2052 606 a
2121 562 2185 605 v.
2218 548 2371 621 842.
2443 543 2709 609 Animos

179 624 264 711 ἓξ
280 629 559 695 Animas
592 622 757 713 nasei
790 621 881 710 ἓξ
915 629 1181 694 interire
1212 648 1355 695 cum
1385 623 1758 717 Corporibus
1784 630 2016 712 viginti
2038 626 2168 696 0530
2186 650 2266 695 ar
2306 633 2573 698 umentis
2587 641 2591 642 ’
2605 626 2709 697 cle-

177 717 517 807 monstrare
552 732 819 785 conatur
842 764 866 800 ‚
946 712 1037 800 &³
1081 710 1758 802 Transmigrationem
1796 714 2189 806 Pythagorae
2217 739 2252 786 o
2292 722 2415 788 iter
2437 716 2700 789 deridet.

178 812 453 879 Demum
474 807 514 873 ἁ
532 830 597 875 v.
628 817 781 891 842.
811 804 901 875 ad
920 832 987 875 v.
1017 817 1168 887 882.
1239 810 1526 877 Mortem
1547 801 1706 875 nihil
1720 800 2019 897 cffidocet
2039 856 2062 890 ‚
2107 806 2250 877 ciem
2275 808 2411 900 post
2444 824 2709 878 mortem

174 892 329 968 nihil
342 898 423 986 cst
440 893 698 965 mortali
720 898 963 965 Animae
979 893 1327 965 timendum
1343 944 1368 981 ‚
1414 900 1540 966 imo
1545 892 1610 983 si
1623 899 1864 966 Anima
1886 895 2270 967 Immortalis
2308 897 2342 985 (
2360 914 2436 967 ut
2461 897 2711 969 Platoni

175 984 376 1075 visum
398 988 527 1077 cst)
555 983 930 1056 concedatur
954 1035 977 1070 ,
1026 991 1313 1055 Mortem
1346 1002 1556 1056 tamen
1597 982 1756 1055 nihil
1782 981 1890 1079 effe
1907 1036 1927 1067 ‚
1968 987 2112 1057 ciem
2151 989 2385 1057 Anima
2414 984 2710 1081 separata

174 1101 295 1149 non
321 1080 678 1146 meminerit
682 1073 753 1164 se
774 1099 1055 1167 unquam
1075 1092 1261 1152 antea
1280 1081 1463 1145 extiti
1506 1101 1559 1145 e.
1615 1074 1886 1150 Proinde
1904 1074 1993 1145 ad
2010 1102 2078 1146 v.
2117 1087 2270 1162 906.
2293 1075 2465 1171 ridet
2483 1084 2712 1149 Homi-

175 1191 327 1237 num
346 1189 585 1235 vanam
614 1163 691 1235 de
712 1162 1045 1259 sepultura
1049 1163 1507 1254 solicitudinem
1528 1193 1552 1233 ·.·
1604 1164 1848 1236 Deinde
1866 1165 2243 1259 demonstrat
2264 1168 2562 1238 Mortem
2583 1193 2711 1240 non

174 1252 279 1348 effe
301 1254 569 1326 Malum
588 1305 609 1335 ,
644 1261 794 1347 quia
822 1263 1060 1327 mortui
1080 1280 1205 1326 non
1224 1254 1505 1349 indigent
1519 1257 1642 1346 istis
1661 1255 1833 1327 bonis
1905 1256 2085 1327 uibus
2101 1261 2240 1325 vivi
2247 1255 2531 1351 gaudent
2547 1307 2571 1343 ‚
2605 1284 2709 1329 ne-

174 1373 290 1440 que
311 1350 442 1438 istis
479 1343 821 1416 Doloribus
858 1345 1219 1433 afficiuntur
1281 1353 1348 1416 ui
1382 1345 1634 1434 miseros
1651 1363 1860 1418 morta
1884 1370 1944 1417 es
1965 1352 2253 1419 cruciant
2271 1397 2294 1432 ,
2336 1345 2426 1417 ad
2455 1374 2521 1417 v.
2551 1368 2707 1438 943,

190 1444 402 1511 Vitam
425 1441 614 1524 etiam
633 1434 827 1529 ipsam
862 1460 988 1508 non
1010 1433 1117 1527 effi·
1151 1434 1227 1506 de
1248 1434 1606 1507 iderabilem
1627 1485 1652 1522 ‚
1701 1442 1851 1530 quip
1893 1463 1924 1507 e
1945 1462 2076 1529 quae
2095 1434 2253 1507 nihil
2267 1443 2417 1508 novi
2435 1435 2666 1529 afferat
2681 1489 2708 1525 ,

162 1526 276 1618 fied
297 1523 545 1615 easdem
570 1523 811 1620 semper
848 1526 1200 1620 voluptates
1219 1524 1406 1619 usque
1426 1526 1514 1597 ad
1526 1523 1821 1614 ‘nauseam
1865 1526 2102 1616 ubinini
2187 1544 2258 1597 at
2275 1576 2298 1611 ,
2342 1526 2432 1597 ad
2461 1555 2527 1598 v.
2555 1541 2708 1615 988.

177 1624 281 1691 Ne
304 1615 463 1686 vero*
490 1618 606 1707 istae
623 1614 859 1709 fabulae
881 1667 904 1702 ,
941 1641 1111 1709 quas
1131 1620 1330 1688 Po'etae
1349 1634 1629 1687 narrant
1647 1667 1670 1701 ,
1719 1616 1795 1687 de
1816 1615 2044 1709 Inferis
2142 1614 2157 1633 ⁵
2194 1622 2387 1688 Poenis
2395 1620 2530 1711 post
2547 1644 2714 1690 mor-

177 1726 300 1779 tem
322 1723 616 1777 terreant
643 1704 957 1791 mortales,
1008 1706 1098 1777 ad
1116 1733 1182 1777 v.
1222 1717 1412 1792 1036.
1461 1731 1667 1778 omnes
1687 1707 1820 1777 illas
1853 1706 2173 1779 commoda
2200 1712 2717 1801 interpretatione

178 1800 401 1869 elevat.
493 1795 734 1867 Deinde
760 1794 947 1889 usque
970 1796 1059 1868 ad
1073 1801 1258 1886 finem
1287 1793 1456 1885 hujus
1475 1796 1624 1868 libri
1647 1815 1853 1868 monet
1869 1796 2184 1907 plerosque
2205 1798 2589 1869 Mortalium
2618 1806 2714 1870 in-

178 1888 312 1982 epte*
346 1884 441 1972 ἓξ
469 1884 734 1974 absurde'
762 1886 839 1957 de
860 1889 1085 1959 Morte
1114 1894 1333 1979 queri,
1382 1888 1526 1959 ciam
1547 1884 1977 1981 sapientiffimi
2019 1893 2367 1979 Hominum
2385 1938 2408 1973 ,
2483 1886 2574 1974 ἓξ
2601 1895 2718 1962 Ρο-

179 1977 503 2067 tentiffi'mi
528 1984 777 2048 Ducum
803 1973 894 2062 ἐξ)
919 1985 1384 2071 Imperatorum
1400 1980 1536 2047 vim
1560 1976 1713 2047 dirae
1730 1975 2118 2067 Necfftatis
2159 1976 2427 2068 euserint
2447 2008 2468 2048 .·
2498 1986 2717 2051 'Docet

181 2069 314 2141 ideo
338 2068 636 2140 mortales
656 2073 857 2137 vitam
861 2065 1189 2156 sollicitam
1214 2064 1664 2159 &inquietam
1685 2092 1868 2161 agere
1883 2119 1906 2154 ,
1941 2067 2105 2159 quod
2159 2092 2279 2139 anc
2307 2073 2552 2140 Mortis
2573 2095 2720 2141 con·

182 2160 647 2253 templationem
689 2182 760 2227 re
788 2166 1010 2251 ugiant
1030 2209 1053 2244 ‚
1109 2155 1200 2242 &³
1234 2158 1436 2251 inepte
1472 2164 1639 2229 votis
1673 2158 1953 2319 omffn
1970 2164 2176 2229 vitam
2215 2184 2292 2229 ex
2334 2176 2496 2230 etere
2528 2184 2718 2252 quam

180 2247 528 2342 aliquando
567 2254 695 2318 ami
740 2255 846 2317 uri
867 2246 1027 2337 fient
1045 2298 1067 2333 ‚
1114 2274 1244 2340 quae
1263 2248 1497 2318 nullam
1526 2267 1764 2319 novam·
1845 2248 2184 2341 oluptatem
2213 2274 2252 2319 a
2301 2267 2442 2319 erat
2461 2300 2485 2335 ‚
2533 2256 2714 2321 innu-

180 2347 373 2412 meris
390 2338 543 2424 v,er‹i
582 2338 923 2411 Doloribus
959 2336 1049 2423 δέ)
1069 2338 1372 2412 Periculis
1392 2337 1656 2411 obnoxia
1677 2337 1992 2410 reddatur
2012 2365 2039 2421 ‚-
2071 2338 2410 2433 praesertim
2445 2340 2604 2413 ciam.
2620 2344 2719 2412 vi-

179 2431 387 2505 vendo
406 2427 571 2503 nihil
584 2426 928 2504 detrahunt
944 2430 1021 2502 de
1035 2448 1310 2525 tempore
1329 2435 1577 2502 Mortis
1595 2481 1617 2512 ,
1651 2454 1782 2524 quae
1801 2434 2009 2502 omnes
2023 2448 2236 2501 manet
2253 2448 2505 2502 aeterna.

1538 4359 1698 4437 ·12
2416 4357 2728 4462 ΤΑΝ,
