3064 4747
311 208 453 284 188

1109 207 1215 273 T.
1297 209 1366 283 ‚L
1426 208 2066 293 UGREATII

312 336 440 389 dum
458 341 633 389 tamen
654 330 869 390 Poetam
899 336 1168 391 evidenter
1187 337 1547 395 demonstrasse
1617 338 1724 392 viz.
1754 333 1905 407 (alia
1935 355 2041 392 non
2060 340 2166 404 jam
2189 340 2418 395 occurrit
2437 336 2614 411 ratio)
2653 339 2856 395 Luctus

312 405 514 459 Animae
550 404 832 471 particulas
875 402 962 475 (fi
983 407 1136 459 modo
1174 408 1432 476 Corporea
1466 407 1548 462 fo-
1617 409 1893 462 Penetrans
1911 410 1963 461 Sc
1982 409 2127 462 Curae
2146 409 2335 462 Edaces
2351 410 2476 463 alibi
2494 409 2851 478 appellantur.

314 468 440 542 ret)
459 472 645 527 debere
670 471 770 528 effe
791 471 1005 529 subtiles
1030 477 1082 530 &
1107 476 1367 532 volubiles
1392 495 1406 531 :
1433 479 1546 532 Nec

315 545 380 596 de
417 539 795 609 Compofitione
823 545 1022 598 Animae
1057 541 1124 599 us
1150 563 1217 599 ue
1251 547 1315 600 ad
1337 564 1391 601 v.
1419 560 1540 613 323.

1156 631 1260 668 urae
1274 654 1292 680 ,
1316 618 1369 671 &
1394 617 1544 670 Calo-

314 681 389 735 ris
425 680 719 735 SeminibuS
751 697 856 735 non
891 681 1064 736 minus
1102 682 1218 751 apte
1269 692 1544 753 componat

314 749 565 804 Animum
595 749 749 819 quam
782 767 848 803 ex
888 751 1111 816 alicujus
1146 752 1280 807 alius
1318 755 1543 808 materiae

313 816 617 886 particulis:
646 819 798 883 Quod
820 818 946 873 vero
962 858 979 885 ‚
1002 837 1055 874 v.
1079 819 1386 881 280.·tribus
1405 820 1543 877 hisce

313 890 471 941 rebus
490 894 728 955 quartum
746 888 956 957 aliquod
971 890 1353 960 innominatum
1368 893 1541 956 addact,

314 957 434 1010 ideo
493 954 770 1011 confitetur
837 956 1044 1011 nullum
1096 975 1261 1028 genus
1298 962 1542 1028 Corporis

314 1026 518 1093 concipi
541 1063 560 1090 ‚
612 1033 703 1080 aut
732 1027 1018 1096 excogitari
1040 1026 1181 1095 pofl'e
1205 1067 1223 1095 ‚
1260 1031 1397 1099 quod
1430 1027 1543 1083 sen-

313 1091 399 1148 sus
418 1094 479 1149 fit
493 1095 830 1163 principium.

313 611 582 682 litigemus
602 650 619 674 ‚
655 628 773 665 nam
802 630 868 666 ex
890 614 1038 667 Aeris
1060 652 1077 680 ‚

345 1259 350 1264 ·
417 1232 705 1296 Prudenter
722 1241 896 1288 autem
914 1236 1086 1289 tenuis
1117 1235 1294 1289 Animi
1324 1230 1542 1290 salutem

314 1301 471 1356 denso
496 1302 770 1371 validoque
794 1303 1011 1371 Corpori
1030 1307 1354 1360 commendat
1377 1302 1541 1373 usque

315 1373 378 1424 ad
414 1389 467 1424 v.
510 1383 628 1436 350.
668 1374 720 1426 &-
760 1370 829 1426 us
853 1389 920 1427 ue
957 1376 1020 1428 ad
1052 1392 1105 1428 v.
1130 1387 1247 1440 370.
1321 1375 1540 1441 Corpori

314 1441 471 1494 etiam
508 1438 810 1496 facultatem
853 1444 1082 1497 enticndi
1102 1444 1358 1510 largitur:
1400 1443 1539 1508 Quid

315 1517 491 1564 autem
511 1508 715 1563 stultius
734 1510 760 1564 ‘3
797 1512 922 1580 quid
945 1511 973 1565 a
1002 1513 1265 1566 communi
1282 1510 1427 1566 sensu
1458 1529 1540 1565 re-

315 1578 509 1631 motius
535 1577 562 1630 ⁸?
610 1579 748 1642 Quid
775 1580 994 1649 deniqne
1027 1580 1185 1649 ipfius
1207 1581 1417 1649 Placitis
1441 1581 1539 1633 mi-

315 1646 416 1700 nus
431 1649 867 1704 accommodatum
886 1651 912 1704 ⁴?
932 1650 1082 1705 Unde
1101 1651 1239 1703 enim
1261 1651 1458 1718 Corpus
1475 1648 1538 1705 fit

314 1712 489 1768 sensus
517 1717 773 1784 particeps
805 1720 891 1771 cui
926 1719 1060 1773 nihil
1085 1726 1274 1787 quartae
1295 1718 1437 1772 istius
1456 1719 1538 1771 in—

315 1786 590 1838 nominatae
622 1787 698 1840 rei
737 1786 1055 1843 immiscetur
1087 1788 1114 1843 ⁶?
1153 1789 1354 1841 Deinde
1376 1789 1440 1841 ad
1478 1806 1531 1841 v.

316 1859 437 1918 396.
477 1862 654 1909 contra
689 1855 1044 1912 Democritum
1083 1856 1329 1910 foeliciter
1365 1854 1538 1925 dispu-

314 1928 427 1987 tet,
464 1938 559 1976 nec
582 1940 812 1992 repugno
830 1965 847 1990 ‚
882 1943 987 1979 non
1011 1927 1152 1980 enim
1179 1927 1385 1995 inquiro
1421 1933 1539 1979 utra

316 1991 586 2046 Sententia
617 1995 789 2060 potior
815 1994 909 2060 fit,
947 1996 1070 2050 dum
1104 2002 1321 2063 utraque
1358 1994 1429 2048 est
1450 1994 1539 2048 ab·

314 2057 468 2113 surda
492 2079 503 2112 :
543 2062 612 2115 Et
630 2069 692 2116 nt
714 2063 866 2119 modo
893 2066 1141 2117 Animum
1170 2065 1387 2132 Corpori
1416 2081 1538 2117 con·

312 2126 622 2185 servandum
644 2133 864 2186 credidit
883 2171 899 2198 ,
936 2132 1004 2187 fic
1024 2135 1088 2187 ad
1107 2151 1161 2188 v.
1184 2148 1303 2200 417.
1344 2134 1538 2200 Corpo-

312 2199 387 2252 ris
417 2199 692 2253 custodiam
711 2201 928 2255 viciffim
960 2204 1148 2255 Animo
1171 2204 1495 2257 commendet
1518 2219 1543 2254 :-

316 2266 469 2321 Istam
514 2270 730 2323 tutelam
769 2287 875 2324 non
915 2272 1161 2325 invideot
1214 2271 1537 2338 Argumenta

314 2337 441 2392 vero
496 2339 684 2408 quibus
729 2337 897 2408 ipsum
933 2341 1184 2396 Animum
1233 2347 1532 2411 expugnat,

312 2406 710 2474 confideremus.

384 2563 618 2618 Primum
636 2603 654 2630 ,
692 2562 722 2617 a
741 2581 794 2620 v.
817 2582 937 2633 425.
970 2568 1035 2621 ad
1053 2585 1105 2622 v.
1131 2582 1251 2635 445.
1291 2568 1537 2622 Tenuem

314 2634 368 2687 δε
399 2631 642 2686 subtilem
660 2634 971 2701 Corpoream
995 2636 1338 2690 Substantiam
1357 2676 1374 2701 ‚
1413 2653 1538 2706 qua-

312 2703 418 2755 lem
448 2702 696 2756 Animum
731 2700 973 2773 supponit
1007 2704 1141 2771 effe,
1210 2705 1443 2760 distrahit
1481 2709 1536 2762 &

314 2768 562 2837 dispergit
596 2789 609 2823 ε
684 2773 854 2840 Atque
888 2776 943 2827 id
981 2773 1073 2828 fiat
1108 2791 1202 2842 per
1239 2792 1321 2828 me
1364 2774 1488 2830 licet
1515 2815 1534 2842 ,

314 2841 606 2907 Corporens
623 2839 685 2895 s1t
700 2840 918 2897 Animus
936 2882 952 2909 ‚
979 2846 1031 2899 &
1048 2844 1283 2913 quamvis
1304 2842 1493 2898 crassus
1513 2885 1530 2910 ,

314 2910 370 2963 &
387 2906 413 2963 ὲ
433 2909 701 2976 particulis
719 2909 959 2979 implexis
976 2912 1283 2978 conjunctus
1297 2911 1360 2967 sit
1374 2951 1391 2979 ‚
1413 2929 1535 2967 eum

312 2986 486 3032 tamen
505 2977 852 3034 dissolubilem
869 2981 1090 3037 fatebor.

378 3142 708 3208 Secundum,
741 3139 771 3197 a
800 3159 854 3197 v.
876 3158 999 3211 445.
1036 3144 1172 3197 adv.
1206 3157 1344 3209 459..·
1397 3143 1535 3197 Tea

311 3211 445 3266 tium
469 3249 487 3276 ,
526 3209 555 3264 a
576 3228 630 3265 v.
656 3217 777 3279 4⁶0.-
801 3214 942 3265 adv.
968 3216 1071 3278 464
1089 3251 1107 3278 ‚
1150 3213 1201 3266 &
1237 3212 1492 3276 Quartum
1512 3252 1531 3279 ‚

313 3278 345 3334 a
362 3298 414 3333 v.
434 3284 554 3346 464.
577 3280 641 3332 ad
656 3297 710 3334 v.
726 3294 847 3347 473.
900 3281 1052 3334 Nihil
1072 3279 1306 3349 efficiunt
1340 3299 1353 3333 ε
1406 3280 1534 3335 Ani-

310 3348 625 3402 mumuenim
660 3348 765 3402 una
797 3367 918 3403 cum
947 3351 1174 3417 Corpore
1206 3347 1380 3414 nasci,
1412 3351 1534 3403 ado—

309 3415 503 3471 lescere
532 3455 549 3481 ‚
611 3419 664 3472 Sc
695 3415 954 3472 senescere
993 3416 1206 3472 minime
1245 3416 1530 3480 sentimum

310 3487 512 3553 Corpus
536 3483 674 3540 nasci
692 3524 709 3551 ‚
748 3484 1039 3542 adolescere
1056 3525 1075 3553 ‚
1102 3497 1153 3542 at
1188 3504 1255 3541 ue
1275 3484 1535 3542 senescere

308 3553 557 3610 sentimus
574 3594 591 3620 ‚
629 3555 685 3607 in
722 3555 911 3609 Animo
945 3572 1113 3623 neque
1182 3563 1536 3612 ecrementum

307 3641 377 3679 ne
410 3640 478 3677 ue
509 3626 890 3679 incrementum
930 3625 1265 3691 experimur;
1313 3625 1385 3680 At
1406 3625 1534 3680 vero

308 3694 366 3747 in
411 3691 591 3748 nfante
608 3710 713 3747 non
728 3693 876 3760 viget
890 3693 1112 3747 Animus
1130 3731 1146 3758 ,
1181 3694 1235 3745 in
1254 3694 1387 3747 Sene
1409 3693 1535 3748 defi-

307 3764 416 3818 cit:
466 3762 581 3826 Quo
610 3771 916 3830 argumento
944 3762 972 3815 ’ἓ
1012 3777 1198 3829 nempe
1232 3763 1438 3830 ineptus
1464 3761 1537 3816 est

306 3830 446 3886 Puer
462 3868 480 3896 ‚
519 3831 572 3885 Sc
592 3831 763 3885 Senex
784 3829 982 3899 desipit.
1072 3829 1326 3884 Similiter
1356 3829 1536 3885 Artifi-

308 3916 422 3953 cem
472 3897 835 3968 peritiffimum
872 3901 929 3952 in
968 3898 1219 3953 Machina
1262 3899 1486 3953 colloces
1514 3937 1532 3964 ,

305 3969 438 4024 Aliae
472 3966 599 4024 vero
633 3977 804 4037 partes
833 3968 979 4023 istius
999 3968 1258 4022 Machinae
1279 3969 1434 4021 nimis
1464 3969 1537 4020 ri-

306 4035 514 4106 gescant
531 4076 549 4104 ‚
604 4038 733 4092 Aliae
764 4036 865 4092 {int
890 4053 1032 4107 aeqno
1051 4036 1370 4090 flaccidiores
1392 4075 1409 4101 ‚
1447 4037 1536 4090 de-

306 4113 544 4161 terantur
560 4108 691 4172 aliae,
714 4106 827 4161 aliae
847 4114 1020 4161 autem
1036 4106 1192 4158 nimis
1208 4103 1502 4174 turgescant
1516 4121 1534 4166 3

310 4176 365 4228 &
387 4177 572 4229 deinde
607 4173 758 4231 stulte
794 4174 1088 4243 expectabis
1127 4175 1390 4228 ordinatos
1427 4191 1537 4227 mo-

307 4248 427 4307 tus,
453 4242 578 4297 licet
599 4241 823 4298 maxime
849 4243 1079 4299 elaboret
1094 4242 1425 4311 peritissimus
1442 4242 1536 4295 ille

307 4310 536 4364 ArtiFex.
609 4312 812 4366 Deinde
833 4330 983 4367 curas
1002 4352 1019 4378 ‚
1059 4311 1361 4383 luctumque
1384 4308 1539 4393 susci-

306 4378 389 4449 pit
413 4379 635 4438 Animus
665 4398 686 4434 z
723 4380 867 4454 Ergo
884 4381 957 4439 est
972 4380 1315 4440 dissolubilis:
1366 4382 1503 4450 qua
1518 4414 1537 4449 2

1617 477 1788 545 Digna
1806 477 2020 530 incrtali
2052 481 2104 531 &
2133 478 2393 546 Corporeo
2420 479 2608 532 Animo
2636 480 2729 533 ista
2763 496 2856 532 ra-

1588 546 1882 604 ,tiocinatio
1918 548 1932 598 Ξ
1986 546 2183 610 Quarto
2223 556 2397 602 autem
2435 564 2507 601 ar
2529 555 2855 601 umento-ea·

1615 616 1731 669 dem
1750 612 2028 683 responfiQ
2063 633 2173 687 quat
2192 615 2413 670 secundo
2429 655 2447 682 ,
2507 616 2751 671 atisfacit.

1680 752 1880 807 Tribus
1901 750 2229 823 sequentibus
2247 771 2304 806 ar
2341 755 2564 807 umentis
2581 792 2597 819 ‚
2615 752 2844 821 av.475.

1613 822 1675 873 ad
1714 838 1767 875 v.
1809 837 1926 890 524.
2000 824 2201 878 Medici
2233 841 2288 876 re
2312 826 2571 889 pondcant
2598 862 2615 889 ‚
2679 840 2850 892 quan-

1613 907 1768 958 quam
1802 891 1879 943 nil
1917 909 2046 960 opus
2078 891 2149 945 est
2181 889 2452 959 responso:
2491 894 2655 946 Crura
2673 892 2849 946 vacil-

1613 959 1760 1024 lent,
1819 958 2070 1016 tardescat
2092 961 2292 1029 Lingua
2311 1000 2328 1027 ‚
2369 963 2421 1015 &
2441 970 2621 1016 natent
2641 962 2798 1015 Oculi
2821 1000 2843 1028 ‚

1612 1028 1736 1097 quid
1771 1028 1878 1083 haec
1906 1031 1970 1083 ad
2003 1030 2253 1084 Animum
2293 1031 2318 1084 ‘3
2390 1031 2583 1098 Jurgia
2612 1031 2843 1099 denique

1611 1097 1865 1164 gliscant3
1902 1099 2155 1167 Neque'id
2179 1100 2385 1167 quidem
2409 1100 2598 1152 mirum
2615 1137 2632 1164 ‚
2656 1115 2846 1169 quem-

1611 1168 1886 1220 admodum
1932 1167 2316 1236 quantumlibet
2357 1168 2587 1237 alioquin
2634 1170 2843 1235 peritus

1610 1235 1774 1289 fuerit
1787 1236 2081 1290 Citharistes
2103 1274 2119 1301 ‚
2158 1254 2261 1290 non
2300 1238 2490 1304 poterit
2520 1244 2694 1290 tamen
2727 1254 2843 1291 non

1611 1302 1919 1359 dissonantes
1950 1306 2233 1359 cantilenas
2260 1306 2587 1373 exprimere,
2648 1304 2686 1358 fi
2716 1322 2841 1374 per-

1609 1372 1812 1428 turbate
1842 1375 2125 1427 intenderis
2147 1412 2163 1439 ,
2201 1392 2260 1428 ac
2295 1374 2594 1428 distenderis
2616 1375 2839 1429 chordas

1611 1441 1829 1496 Citharae
1848 1481 1865 1507 ‚
1915 1459 2025 1511 quae
2051 1441 2344 1497 harmonice
2369 1450 2487 1496 ante
2508 1441 2831 1511 pulsabatur.

1608 1509 1863 1566 Similiter
1883 1511 1938 1565 in
1958 1511 2136 1565 morbo
2159 1513 2454 1581 Epileptico
2470 1521 2582 1566 ater
2598 1513 2691 1565 ille
2714 1513 2839 1567 Hu-

1607 1597 1720 1632 mor
1753 1597 1944 1648 organa
1976 1580 2214 1636 deturbat
2235 1621 2251 1646 ‚
2290 1589 2443 1649 atque
2468 1581 2588 1635 inde
2617 1580 2697 1635 isti
2718 1599 2837 1635 mo-

1606 1656 1690 1702 tus
1725 1647 2067 1717 incompositi.
2142 1649 2273 1704 Ciun
2309 1650 2435 1703 veri)
2480 1651 2685 1718 Organa
2716 1658 2836 1705 tan-

1604 1724 1717 1772 tum
1758 1717 1978 1784 afficiat,
2035 1720 2087 1772 &
2120 1718 2358 1772 debilitet
2386 1719 2608 1773 Morbus
2630 1758 2647 1783 ,
2700 1721 2833 1788 quid

1605 1786 1746 1839 aliud
1770 1787 1999 1842 restituat
2018 1787 2332 1842 Medicina?
2371 1788 2659 1854 Septimum
2672 1828 2689 1853 ,
2721 1789 2751 1841 a
2768 1806 2828 1842 v.

1608 1871 1725 1921 525.
1766 1857 1830 1909 ad
1864 1873 1916 1910 v.
1942 1861 2081 1922 ς46..
2107 1855 2279 1910 asserit
2308 1857 2547 1909 Animam
2580 1857 2831 1911 Hominis

1607 1925 1932 1979 membratim
1948 1926 2214 1980 morientis
2236 1923 2416 1978 senfim
2438 1923 2651 1979 deficere
2667 1934 2719 1979 at
2755 1942 2828 1980 ue

1607 1994 1823 2048 interire
1846 2012 1860 2045 ι
1899 1992 2052 2058 Quafi
2079 1992 2356 2062 frigescere
2377 2011 2480 2047 non
2502 1992 2705 2061 poffiint
2770 2011 2825 2046 r-

1606 2069 1691 2116 tus
1727 2062 1823 2116 nisi
1852 2064 2042 2128 Anima
2070 2064 2224 2117 etiam
2244 2061 2517 2130 frigescat:
2560 2062 2671 2117 Hoc
2691 2062 2823 2117 vero

1606 2129 2238 2255 ἓίΐῖεὲωὲἲῖοἷῗξέοέἐξ
2255 2132 2830 2255 ῗιὲῑῗέῗέυὲἰῖψῗζῗι

1605 2218 1853 2341 nondun}³
1867 2270 2108 2338 probavit
2126 2309 2143 2335 ‚
2183 2218 2396 2324 &Pcerto
2426 2267 2528 2324 scio
2548 2219 2830 2332 nemoqun-

1606 2356 1760 2409 quam
1779 2338 2160 2394 demonstrabit.

1713 2478 1967 2537 octavum
1990 2516 2008 2543 ‚
2040 2477 2070 2531 a
2103 2495 2156 2531 v.
2196 2490 2316 2548 ¹547.
2346 2478 2408 2530 ad
2442 2494 2494 2531 v.
2532 2481 2649 2542 556.
2688 2477 2829 2532 nihil

1608 2548 1751 2615 agit,
1789 2548 1974 2615 Neque
1995 2548 2134 2600 enim
2171 2546 2234 2600 ab
2258 2546 2360 2599 alio
2388 2546 2715 2614 intelligendi
2735 2554 2829 2602 aut

1605 2617 1945 2670 ratiocinandi
1962 2616 2072 2670 vim
2089 2615 2242 2669 habet
2254 2616 2440 2668 Anima
2458 2654 2474 2679 ,
2496 2617 2830 2684 quemadmo-

1605 2684 1729 2739 dum
1752 2685 1910 2738 Auris
1930 2685 2208 2749 audiendi,
2255 2692 2345 2738 aut
2380 2683 2577 2738 Oculus
2609 2685 2829 2737 videndi

1605 2760 1901 2819 mutuatur,
1939 2752 2125 2807 verum
2144 2752 2172 2806 a
2188 2750 2346 2819 seipsa
2367 2754 2419 2806 id
2441 2752 2595 2807 habet
2614 2790 2630 2817 ,
2667 2769 2726 2806 ac
2746 2754 2830 2805 id-

1605 2823 1743 2877 cireo
1765 2823 1955 2875 mirum
1973 2839 2076 2875 non
2098 2822 2168 2877 est
2186 2862 2202 2889 ‚
2240 2821 2279 2875 fi
2297 2819 2525 2887 sejuncta
2545 2820 2574 2874 a
2597 2820 2826 2890 Corpore

1605 2892 1760 2945 Auris
1778 2907 1882 2943 non
1903 2893 2077 2945 audiat
2096 2930 2113 2956 ‚
2150 2907 2317 2959 neque
2345 2888 2604 2955 seJunaus
2624 2891 2847 2955 Oculus*-

1602 2961 1807 3025 videat,
1842 2957 2036 3014 secreta
2069 2969 2243 3015 autem
2265 2958 2295 3012 a
2315 2960 2541 3031 Corpore
2565 2960 2721 3014 Mens
2742 2961 2851 3012 in-“

1603 3028 1805 3098 telligat
1823 3045 1881 3082 ac
1897 3030 2249 3084 ratiocinetur.

1701 3167 1889 3232 Noun,
1927 3164 1957 3219 a
1981 3183 2035 3220 v.
2066 3179 2182 3233 557.
2217 3167 2279 3219 ad
2310 3182 2364 3219 v.
2389 3176 2506 3230 578.
2549 3164 2648 3219 hoc
2670 3164 2826 3217 modo

1599 3234 2011 3305 respondendum
2036 3253 2049 3288 ε
2088 3235 2163 3291 Ut
2194 3237 2317 3288 dum
2338 3236 2574 3288 videmus
2588 3234 2827 3287 Militem

1601 3306 1774 3373 gladio
1798 3343 1815 3369 ‚
1865 3302 2079 3373 aliisque
2110 3304 2268 3358 armis
2303 3310 2619 3371 pugnantem
2642 3341 2660 3367 ‚
2717 3318 2827 3354 non

1604 3376 1824 3428 dicimus
1850 3380 2021 3427 tamen
2042 3373 2197 3426 illum
2215 3374 2386 3427 Armis
2407 3372 2702 3426 destitutum
2718 3387 2829 3425 non

1603 3442 1742 3512 poss'e
1775 3442 1979 3511 plagam
2010 3442 2176 3496 ullam
2210 3441 2406 3495 inferre
2430 3478 2446 3505 ‚
2485 3438 2605 3494 cum
2640 3456 2826 3494 manus

1604 3513 1772 3566 adhuc
1792 3509 2064 3578 suppetant
2085 3509 2271 3580 quibus
2295 3509 2532 3577 infligere
2541 3509 2689 3562 :iaus
2712 3506 2830 3576 pos-

1603 3581 1667 3636 fit
1678 3599 1702 3642 ’ς
1741 3578 1810 3634 fic
1831 3580 1948 3635 cum
1971 3581 2159 3634 Anima
2179 3578 2424 3633 membris
2448 3579 2678 3646 undique
2698 3615 2716 3642 ‚
2764 3584 2830 3632 ut

1604 3650 1847 3718 panoplia
1893 3650 2112 3718 quadam
2153 3646 2450 3713 induatur,
2521 3642 2828 3714 organisque

1604 3718 1729 3774 adei>
1751 3720 2010 3786 corporeis
2030 3719 2200 3772 varias
2216 3716 2508 3770 funfflones
2525 3716 2708 3780 obeat,
2750 3715 2831 3767 di-

1605 3789 1825 3842 cendum
1846 3797 2016 3842 tamen
2050 3803 2156 3840 non
2182 3785 2253 3839 est
2270 3824 2287 3851 ‚
2325 3785 2417 3838 ubi
2443 3783 2592 3859 istum
2620 3800 2831 3836 omnem

1605 3855 1744 3926 quali
1761 3857 2040 3910 militarem
2057 3862 2358 3924 apparatum
2380 3854 2602 3917 exuerit,
2627 3852 2832 3905 nullam

1604 3924 1698 3995 ipfi
1732 3942 1897 3994 neque
1933 3924 2264 3992 intelligendi
2283 3939 2451 3993 neque
2474 3920 2726 3977 sentiendi
2746 3918 2833 3975 su-

1604 3992 1799 4062 pereffe
1821 3993 2163 4048 functionem.

1709 4103 1913 4157 Decimi
1925 4103 2255 4170 argumenti,
2295 4101 2325 4156 a
2343 4120 2398 4158 v.
2428 4116 2492 4170 57
2531 4143 2545 4158 .
2570 4104 2635 4157 ad
2648 4117 2830 4170 v.590.

1605 4173 1743 4227 vires
1762 4188 1914 4225 nemo
1937 4169 2175 4239 agnoscet
2191 4211 2210 4237 ‚
2247 4170 2345 4226 nist
2362 4175 2453 4241 qui
2480 4119 2689 4226 {raserit
2705 4172 2838 4225 Ani-

1605 4258 1749 4294 mum
1779 4237 1879 4294 effe
1910 4238 2049 4310 quasi
2080 4240 2480 4299 fundamentum
2512 4243 2673 4297 totius
2707 4241 2841 4294 Ani-

1607 4311 1757 4364 malis
1779 4348 1797 4375 ‚
1824 4310 1876 4362 &
1899 4312 2101 4377 Corpus
2124 4310 2313 4364 Animo
2330 4318 2575 4379 tanquam
2601 4309 2720 4364 Sale
2742 4310 2842 4363 ali-

1610 4396 1711 4450 quo
1736 4378 1939 4436 condiri
1951 4416 1967 4444 ‚
2005 4396 2077 4447 nje
2088 4377 2269 4445 soeteat
2285 4382 2338 4437 &
2352 4377 2629 4450 putrescat.

2454 4458 2807 4516 Undecimum
2820 4494 2839 4524 ,
