3064 4747
297 199 442 256 102

295 320 384 365 aut
400 311 535 365 nula
549 311 649 378 auo,
668 315 826 367 verba
845 332 906 366 ex
922 314 987 366 li-

296 384 417 435 tero
432 380 605 443 iisdem
621 382 842 447 constant
856 400 878 443 ,·
894 382 988 445 sed

297 452 418 518 quia
465 468 625 502 omnes
679 450 858 513 versus
919 450 988 513 θ’

299 521 464 571 omnia
494 521 650 571 verba
677 537 773 572 non
807 539 869 572 ex
899 518 990 581 iis-

300 587 408 640 dem
416 586 619 654 prorfm
630 590 789 641 litera}
803 602 991 656 compo-

300 666 508 709 nuntur:
528 658 619 709 Sic
633 658 746 709 aliae
762 676 856 722 res,
874 659 992 710 licet

302 724 794 793 contineantsemina
825 726 993 779 multis

301 794 447 846 rebm
461 797 738 847 communia
751 833 768 860 ‚
784 795 902 864 ipfae
916 800 995 847 t&-

306 879 416 914 men
445 857 637 931 poffimt
667 858 753 932 ff
783 866 917 917 inter
934 863 996 926 se

299 930 506 1009 prorsics
525 932 800 998 diffi'miles‚
842 935 917 986 ita
940 942 998 985 ut

294 1016 418 1063 ,rure
439 1001 659 1061 dicamus
675 1001 914 1054 Homines
937 1020 999 1054 ex

309 1068 425 1120 aliis
447 1067 727 1130 seminibus
742 1109 761 1135 ‚
802 1089 864 1123 ex
885 1072 1000 1123 aliis

293 1136 481 1210 fruges
496 1175 513 1202 ‚
552 1155 614 1190 ex
652 1140 768 1191 aliis
808 1142 1001 1192 arbores

310 1205 541 1270 constare.
596 1209 713 1259 Nec
729 1217 890 1260 tamen
909 1221 1001 1276 pu-

311 1275 518 1327 tandum
538 1273 604 1340 ⁶st
620 1274 818 1336 semina
838 1276 1004 1341 cujus-

310 1345 397 1394 vie
419 1343 890 1409 figuraeseminibm
921 1363 1005 1397 cu-

1264 492 1452 565 stant.

1072 185 1170 254 z·
1246 185 2003 288 Lucani-11

1060 317 1198 388 Aut
1233 314 1413 384 nulla
1432 314 1608 385 inter
1626 311 1691 384 se
1725 313 1864 385 duo
1895 311 2025 385 fint
2052 338 2136 385 ex
2165 310 2485 386 omnibus
2507 307 2716 384 isdem
2735 332 2759 381 ε

1060 404 1185 478 Sed
1209 404 1360 491 quia
1387 428 1528 475 non
1551 404 1757 493 volgo
1778 405 1960 494 paria
1981 405 2297 477 omnibus
2320 403 2550 475 omnia
2572 424 2728 473 con-

1062 584 1166 658 Sic
1185 583 1326 655 aliis
1360 585 1431 653 in
1454 582 1654 654 rebus
1676 583 1835 655 item
1861 584 2245 655 communia
2271 583 2480 654 multa
2503 633 2525 663 ‚

1063 674 1437 746 Multarum
1458 697 1683 745 rerum
1703 697 1855 745 cum
1881 672 2011 744 fint
2033 673 2398 746 Primordia
2417 724 2439 754 ‚
2479 668 2675 758 longe
2702 678 2845 762 695

1064 759 1378 835 Diflimili
1402 781 1625 834 tamen
1648 764 1822 834 inter
1839 760 1905 834 se
1929 761 2272 835 confistere
2289 760 2547 834 summa

1064 850 1371 926 Poffunt:
1403 871 1483 925 ut
1507 854 1753 925 merito
1777 878 1860 923 ex
1881 854 2025 926 aliis
2046 850 2338 925 constare
2361 850 2660 924 ferantur
2834 905 2837 908 -

1069 946 1469 1016 Humanum
1494 968 1706 1031 genus
1726 991 1748 1023 ‚
1805 968 1883 1014 ac
1897 945 2146 1033 Fruges
2168 995 2188 1025 ‚
2238 943 2652 1029 Arbustaque
2670 938 2840 1008 laeta.

1112 1035 1186 1107 N
1191 1057 1263 1103 ec
1279 1052 1505 1105 tamen
1523 1034 1933 1105 omnimodis
1949 1035 2253 1105 connecti
2273 1030 2444 1119 poffe
2458 1026 2846 1121 putandu’st

1072 1125 1326 1196 Omnia
1349 1151 1369 1192 ε
1416 1148 1577 1194 nam
1602 1125 1806 1212 volgo
1828 1122 1972 1195 fieri
1996 1126 2306 1197 Portenta
2332 1123 2587 1194 videres
2608 1172 2634 1205 ,
2686 1129 2849 1207 ‘70⁹'

1073 1212 1419 1287 Semiferas
1442 1215 1818 1285 Hominum
1849 1211 2090 1301 species
2119 1213 2431 1293 existere3
2493 1215 2558 1285 &
2581 1212 2754 1282 altos
2846 1221 2852 1232 ‘

1073 1303 1416 1376 Interdum
1441 1305 1693 1375 Ramos
1716 1305 1935 1392 egigni
1959 1326 2232 1391 corpore
2254 1305 2457 1374 vivo:
2648 1321 2651 1326 ·

300 1410 476 1475 juswa
532 1413 715 1479 figura
774 1416 1007 1480 conjungi
1077 1395 1425 1481 Multaque
1445 1396 1749 1465 connecti
1766 1394 2128 1466 Tei-restria
2149 1393 2447 1464 membra
2468 1389 2772 1464 Marinis.
2838 1379 2845 1388 ²

309 1474 472 1549 P⁰ffi³>⁶
511 1490 618 1535 tum
651 1482 1008 1547 enimmonstra
1076 1487 1261 1557 Tum
1287 1483 1624 1555 flammam
1651 1502 1822 1555 tetro
1845 1481 2238 1571 spiritanteis
2260 1508 2374 1554 ore
2400 1480 2770 1555 Chimaeras

313 1546 471 1614 vulgi)
486 1558 605 1602 nuta
623 1565 859 1605 cerneres-⁶
878 1570 1011 1621 quae-

317 1616 430 1668 dam
449 1617 708 1672 Animalia
727 1621 1011 1689 partimfe-

317 1687 452 1750 rina,
468 1690 659 1753 partim
674 1689 1012 1757 bumanaspe-

1081 1571 1339 1647 Pascere
1359 1575 1690 1647 Naturam
1724 1598 1842 1660 per
1875 1595 2081 1645 terras
2113 1572 2647 1662 omniparenteis.
2716 1581 2854 1658 705

1082 1668 1399 1754 Quorum
1425 1664 1518 1734 nil
1549 1661 1693 1734 fieri
1714 1663 2059 1736 manifestu
2084 1661 2199 1735 ’stt'
2249 1664 2475 1735 omnia
2494 1659 2764 1750 quando

316 1750 693 1825 e1'‘‹‘(C‘-²²²t⁴11²r¹‘)
714 1758 1007 1823 existerent,
1083 1754 1461 1828 Seminibus
1482 1754 1674 1825 certis
1695 1773 1869 1825 certa
1892 1756 2220 1842 genetrice
2244 1770 2459 1825 creata

317 1823 582 1889 aliquando
611 1828 762 1879 etiam
796 1827 1010 1880 Arbores

318 1891 609 1945 exAnimali
629 1895 833 1963 Corpore
832 1896 1011 1962 surge-

317 1977 374 2012 re
391 1998 409 2025 ‚
458 1959 527 2021 δ’
557 1972 752 2015 terrena
794 1967 1010 2017 membra

318 2030 525 2084 marinis
543 2031 764 2085 connec‘li
776 2072 794 2100 ,
830 2033 900 2095 δ’
920 2050 1009 2085 na-

321 2105 489 2149 turam
513 2111 604 2166 per
628 2102 812 2154 Terra
844 2104 1009 2154 omnia

1082 1841 1489 1917 Conservare
1509 1865 1717 1932 genus
1742 1843 2091 1916 crescentia
2112 1842 2283 1933 poffe
2309 1843 2636 1915 videmus,
2726 1893 2732 1897 -

1170 1935 1428 2008 Scilicet
1448 1935 1517 2005 id
1544 1951 1722 2006 certa
1737 1932 1884 2007 fieri
1905 1937 2166 2008 ratione
2187 1932 2431 2007 neceffe
2457 1931 2533 2003 ’st
2550 1960 2575 2011 3

2668 1991 2861 2091 Nam¹

314 2166 632 2233 producentes
662 2174 857 2223 nutrire
881 2173 1145 2224 Chimaeras
1159 2208 1177 2232 ,
1213 2179 1341 2223 tetro
1364 2187 1446 2222 ore
1463 2172 1628 2237 ignem
1633 2167 1890 2237 spirantes
1922 2171 2138 2224 videres.
2176 2171 2251 2225 At
2272 2169 2405 2223 nula
2428 2167 2702 2234 istiusmodi
2721 2182 2862 2218 mon-

196 2282 200 2288 .
305 2232 422 2299 stra
442 2231 526 2304 ff'
542 2239 856 2304 manifestum
875 2239 958 2305 est,
976 2238 1226 2310 siquidem
1247 2238 1432 2305 constat
1450 2257 1526 2292 res
1549 2238 1748 2292 cunibus
1763 2249 1899 2292 certa
1909 2241 2160 2306 genetrice
2181 2239 2423 2307 certisque
2426 2238 2475 2301 s
2463 2238 2705 2291 ominibus
2722 2244 2858 2289 orta

324 2302 443 2355 lum
461 2306 689 2367 crescunt
702 2326 859 2377 genus
869 2308 918 2371 s
906 2326 1023 2361 uum
1040 2307 1333 2373 conservare
1341 2301 1467 2380 poffe
1487 2326 1505 2362 .·
1543 2310 1664 2362 Nec
1682 2309 1832 2361 aliter
1842 2307 2064 2379 prefici&
2079 2307 2360 2378 potestfieri
2373 2345 2393 2375 ,

1419 2448 1744 2502 Nora.

394 2550 513 2612 696.
538 2549 1033 2622 Diffi'milisumma.]
1072 2557 1109 2610 i.
1129 2573 1175 2611 e.
1192 2557 1297 2611 Res
1319 2558 1559 2611 dicantur

323 2630 395 2667 cx
429 2615 659 2672 diffimili
695 2618 950 2677 seminum
989 2627 1230 2694 congerie
1250 2665 1267 2691 ‚
1324 2624 1364 2679 fi
1396 2632 1559 2683 totam

330 2700 632 2753 compagem
649 2686 801 2743 fimul
823 2692 1059 2748 intueare
1079 2733 1096 2760 ‚
1135 2695 1393 2762 componi.

357 2840 360 2843 ,
398 2776 641 2840 699.Nec
661 2786 826 2828 tamen
852 2777 1562 2845 Omnivnodzzr‚&c.]Quamvis

330 2842 498 2896 multa
522 2840 717 2898 semina
738 2843 837 2900 sint
856 2846 1035 2900 multis
1056 2847 1213 2901 rebus
1231 2846 1525 2901 communia
1544 2882 1561 2909 ‚

332 2911 562 2980 Unaquae
598 2928 665 2965 ue
680 2920 855 2967 tamen
869 2932 951 2968 res
970 2932 1081 2968 eam
1097 2917 1262 2984 exigit
1282 2912 1566 2982 dispositio-

329 2997 471 3044 nem,
490 2987 551 3034 ut
614 2983 742 3035 tomi
763 2980 923 3050 ipsam
943 2983 1310 3038 constituentes
1331 2999 1434 3048 eaS,
1454 2999 1566 3050 quae

330 3047 451 3102 sunt
465 3045 561 3101 fibi
578 3065 834 3117 congruae,
852 3049 1210 3118 adsciscant,ac
1226 3052 1375 3106 velut
1390 3049 1568 3106 conso-

333 3117 492 3180 cient,
509 3117 637 3171 alias
652 3127 989 3187 praetereant,
1010 3123 1062 3175 &
1076 3114 1344 3188 respuant:
1364 3121 1449 3175 Ex
1463 3137 1567 3189 quo

334 3183 540 3237 rursum
557 3184 619 3240 fit
634 3225 651 3252 ‚
674 3194 733 3241 ut
748 3186 866 3242 cum
886 3206 969 3243 res
984 3188 1278 3244 dissolvitur
1292 3229 1309 3255 ,
1330 3205 1568 3257 congruae

338 3270 551 3322 quaeque
567 3252 618 3308 se
639 3256 822 3310 mutuo
843 3259 1083 3324 trahant,
1110 3260 1162 3312 &
1185 3259 1249 3313 ab
1266 3259 1568 3326 incongruis

335 3323 631 3404 expediant.
707 3325 807 3379 Sed
824 3328 1003 3382 audire
1019 3326 1226 3396 plenius
1242 3345 1309 3382 ex
1325 3324 1567 3381 Lucretio

334 3399 503 3455 Juvat,
522 3407 612 3460 qui
629 3408 738 3445 rem
757 3392 915 3460 ipsam
934 3413 1078 3451 v.10.
1098 3397 1360 3464 proponit,
1380 3397 1432 3450 Sc
1450 3412 1571 3449 cau-

333 3457 438 3526 sam
458 3460 659 3525 reddit,
702 3462 840 3530 quod
854 3465 1088 3533 alioquin
1104 3464 1326 3519 monstra
1340 3461 1569 3533 quotidie

335 3525 687 3589 nascerentur3
712 3531 1312 3598 Centauros‚Chimaeras‚
1332 3537 1384 3587 &
1399 3534 1574 3585 omnia

338 3594 615 3657 Poetarum
638 3596 884 3666 figmenta
899 3601 1384 3656 videremus.Nulla
1399 3608 1572 3655 autem

336 3662 619 3718 istiusmodi
636 3676 885 3734 apparent
899 3679 1137 3736 portenta
1153 3709 1170 3734 ‚
1197 3668 1318 3738 quia
1334 3687 1401 3724 ex
1418 3672 1574 3727 certis

339 3730 644 3801 quibusdam
663 3773 680 3800 ‚
736 3753 842 3789 non
865 3755 932 3791 ex
967 3741 1258 3807 omnigenis
1277 3738 1574 3793 Seminibus

339 3799 621 3856 nascuntur
640 3820 758 3866 res3
798 3807 952 3860 certis
967 3805 1176 3874 insuper
1195 3807 1425 3861 aluntur.

365 3938 368 3939 ν
409 3914 531 3966 701.
552 3901 626 3954 Et
641 3902 765 3955 altos
780 3904 1028 3956 interdum
1043 3905 1226 3958 Ramos
1242 3907 1425 3981 egigni,
1444 3903 1576 3969 &0.]

344 3985 538 4053 Egigni
558 3989 762 4056 Corpore
777 3990 909 4040 vivo
926 4027 943 4054 ‚
975 3996 1037 4044 ut
1053 3991 1190 4058 apud
1208 3990 1393 4045 Horat.

1628 2547 2031 2605 Tarraconensis
2049 2547 2156 2604 five
2173 2587 2190 2614 ‚
2216 2548 2281 2602 ad
2301 2543 2863 2601 sternum'frutescente

1629 2626 1805 2674 narrat
1823 2616 2108 2673 Gaffendus
2125 2657 2142 2683 ,
2169 2617 2263 2671 lib.
2283 2618 2347 2690 V.
2373 2616 2567 2677 devita
2582 2615 2859 2669 Peireskii.

1629 2688 1804 2743 Pastor
1826 2685 2228 2741 Tarraconensis
2255 2686 2310 2738 in
2331 2683 2620 2753 prunulum
2640 2683 2826 2736 incidit
2844 2722 2864 2749 ‚

1631 2755 1877 2824 spinaque
1898 2756 1963 2807 ad
1984 2762 2313 2822 campartem
2329 2753 2635 2821 implantata
2650 2790 2667 2816 ‚
2686 2751 2755 2805 fic
2805 2768 2866 2805 er
2944 2762 2958 2778 ¹

1633 2825 1904 2889 biennium
1921 2825 2119 2877 radices
2136 2824 2244 2891 egit
2258 2862 2275 2888 ,
2315 2829 2376 2876 ut
2394 2821 2504 2889 post
2519 2819 2736 2874 resectos
2776 2836 2871 2874 ur-

1634 2893 1779 2948 culos
1793 2893 1966 2946 varios
1983 2931 2000 2958 ‚
2036 2892 2106 2944 ali
2142 2893 2200 2945 ui
2214 2892 2421 2945 tandem
2442 2889 2732 2958 prodierint
2751 2927 2768 2954 ‚
2799 2890 2866 2942 ‘in

1636 2960 1824 3031 quibus
1843 2961 1998 3014 flores
2035 2963 2087 3015 ἃ
2136 2961 2312 3014 rustus
2340 2957 2467 3013 vifi:
2514 2959 2636 3011 Non
2672 2956 2867 3012 destitit

1637 3030 1821 3085 instare
1836 3029 2134 3083 Peireskius
2149 3068 2166 3095 ‚
2189 3030 2350 3082 donec
2368 3026 2655 3081 Cardinalis
2673 3024 2871 3079 Barbe-

1638 3101 1783 3154 rinus
1822 3099 2027 3153 curavit
2046 3097 2203 3152 fidem
2238 3096 2352 3150 fieri
2371 3112 2465 3163 per
2484 3095 2629 3148 illius
2645 3095 2748 3147 loci
2769 3095 2871 3147 Ar-

1637 3165 2020 3236 chiepiscopum
2038 3205 2055 3232 ‚
2084 3168 2136 3221 &
2156 3166 2330 3235 Eques
2345 3165 2609 3218 Puteanus
2627 3179 2733 3215 non
2747 3162 2873 3217 lite-

1637 3255 1719 3291 ras
1735 3236 1888 3289 modb
1905 3235 2195 3289 attestantes
2209 3273 2227 3300 ‚
2258 3232 2344 3287 sed
2359 3230 2591 3287 surculos
2611 3232 2768 3285 etiam
2785 3248 2876 3285 ac-

1639 3306 1778 3375 cepit
1792 3343 1808 3369 ‚
1830 3306 1882 3359 &
1899 3320 2019 3357 cum
2033 3303 2128 3356 illo
2146 3302 2578 3356 communicavit:
2605 3298 2763 3354 Haefit
2778 3317 2876 3355 ve·-

1637 3375 1697 3429 τὸ
1720 3374 1961 3440 deinceps
1978 3370 2174 3436 minus,
2195 3369 2311 3426 cum
2326 3370 2526 3438 accepit
2540 3368 2706 3421 fimile
2759 3369 2878 3422 uid·-

1639 3445 1777 3512 piam
1813 3438 2080 3509 contigiss'e
2113 3441 2172 3493 in
2189 3437 2455 3504 Thuscia,
2495 3438 2697 3492 circaG
2753 3438 2876 3490 linae

1643 3508 1905 3576 cujusdam
1930 3508 2126 3562 collum
2147 3548 2164 3575 ‚
2208 3510 2260 3563 &
2291 3507 2620 3562 Frontiniani
2650 3507 2705 3558 in
2723 3507 2880 3559 Occi-

1642 3580 1783 3635 tania
1799 3617 1817 3644 ‚
1875 3579 2011 3632 circa
2031 3579 2253 3645 digitum
2280 3574 2553 3630 Piscatoris
2576 3614 2593 3641 ‚
2636 3576 2691 3627 in
2717 3590 2878 3642 quem

1647 3653 1765 3703 cum
1805 3647 2114 3715 implantata
2138 3644 2314 3700 fuiffet
2329 3645 2550 3713 Spinula
2577 3644 2879 3710 Scorpionis

1645 3717 1833 3771 marini
1865 3754 1882 3781 ‚
1925 3732 2006 3769 res
2030 3715 2092 3768 eo
2115 3713 2308 3780 evasit,
2346 3721 2406 3768 ut
2427 3714 2715 3780 Chirurgus
2754 3712 2879 3764 inde

1647 3785 1885 3840 eduxerit
1895 3792 2001 3838 tres
2015 3782 2288 3851 pisciculos
2304 3781 2879 3851 generisScorpionum3

1648 3856 1955 3922 Quanquam
1979 3853 2084 3906 haec
2121 3853 2293 3906 omnia
2328 3853 2419 3921 qui
2450 3851 2644 3905 viderit
2661 3888 2678 3916 ,
2718 3847 2883 3923 fidem

1651 3923 1839 3976 habere
1865 3923 2113 3976 tutiorem
2133 3921 2313 3990 potest.

1720 4024 1840 4075 705.
1880 4007 2092 4070 Poscere
2109 4006 2418 4074 Naturam]
2443 4005 2599 4061 Alere
2616 4001 2666 4058 se
2684 4040 2701 4068 ‚
2752 4000 2885 4069 vel,

616 4057 779 4110 Tanto
798 4059 1013 4111 emetiris
1030 4077 1228 4112 acerv0.
1654 4084 1713 4131 ut
1728 4078 1844 4130 aliis
1860 4076 2030 4145 placet
2049 4117 2065 4144 ,
2104 4077 2299 4132 vastare
2317 4116 2334 4142 ‚
2371 4072 2640 4143 depascere
2661 4110 2677 4138 ,
2725 4071 2888 4125 devo-

344 4140 529 4197 Ramos
546 4145 603 4197 de
624 4146 829 4214 Corpore
843 4149 977 4200 vivo
994 4142 1023 4217 )
1050 4149 1242 4202 Ramos
1273 4144 1299 4202 ὲ
1314 4149 1440 4202 vivo
1458 4148 1583 4201 Cor·
1654 4163 1768 4201 rare
1786 4153 1948 4201 totam
1964 4148 2219 4201 Naturam
2239 4163 2253 4198 ε
2290 4146 2459 4213 Faym
2476 4162 2492 4195 .·
2531 4144 2616 4198 Sic
2632 4139 2826 4193 omnia·

381 4227 469 4264 ore
485 4213 728 4268 Hominis
768 4217 943 4285 egigni
978 4215 1188 4285 prorsus
1213 4216 1474 4273 mirabile·
1484 4216 1548 4271 fit
1564 4254 1580 4282 ‚
1722 4229 1842 4282 709.
1885 4216 2095 4267 Scilicet
2106 4216 2160 4267 id
2179 4223 2345 4280 certa,
2391 4210 2522 4276 δια]
2548 4208 2676 4265 osto
2694 4207 2785 4276 qni
2811 4204 2895 4261 se-

371 4279 431 4330 ed
470 4296 564 4334 nec
589 4281 797 4337 fortaffe
833 4285 1074 4340 mirabile
1109 4303 1216 4339 non
1254 4283 1319 4341 fit
1346 4287 1482 4355 quod
1520 4286 1583 4338 de
1655 4292 1889 4362 quuntur
1910 4281 2088 4337 versus
2122 4300 2227 4336 non
2250 4290 2355 4337 tam
2378 4280 2695 4358 constituunt
2713 4277 2896 4358 diver-

345 4344 581 4402 Prunulo
618 4351 675 4404 iu
707 4353 942 4421 Regione
979 4356 1236 4411 Thoracis
1256 4394 1273 4422 ‚
1314 4355 1532 4410 Pastoris
1564 4392 1582 4420 ,
1654 4353 1767 4406 lum
1785 4358 2150 4419 argumentum
2168 4389 2185 4418 ,
2209 4350 2363 4420 quam
2380 4350 2714 4418 praecedentis
2730 4353 2898 4465 ratic}-

2807 4431 2845 4468 n
2869 4433 2895 4465 s
