3064 4747
751 131 1238 280 LIBER
1339 162 2145 288 TE’RTI'USL

300 344 655 403 Undecimum
671 384 687 413 ‚
730 344 760 399 a
775 349 830 401 v.
855 359 972 411 591.
1010 346 1075 399 ad
1099 362 1153 399 v.
1176 349 1295 411 605·ss
1331 346 1466 401 nihil

229 418 378 471 aliud
405 415 478 469 est
500 416 652 485 quam
687 418 743 469 in
765 414 934 469 verbo
946 414 1126 475 lusum
1152 416 1296 468 *ideo
1326 417 1466 469 enim

230 487 347 541 vim
367 486 599 554 aliquam
618 486 827 539 videtur
846 483 1038 539 habere
1056 521 1074 549 ‚
1107 485 1233 554 quia
1260 484 1351 538 ista
1366 482 1467 552 spi-

230 557 438 610 rituum
489 554 713 607 defectio
766 553 1063 622 appellatur
1109 554 1289 607 Animi
1337 554 1468 607 deli·

232 641 440 693 quium.

299 761 426 814 Duo
444 757 710 829 sequentia
722 799 738 825 ‚
778 759 808 813 a
822 778 877 816 v.
896 762 1015 815 606.
1050 760 1115 813 ad
1131 776 1184 814 v.
1219 764 1338 827 623.
1357 776 1469 814 -ne-

231 838 358 899 gant
390 829 632 885 Animam
668 831 830 886 exire*
849 826 989 897 poffe
1024 830 1281 897 integram
1304 868 1321 894 ‚
1369 826 1467 882 nisi

267 916 325 953 er
341 898 523 951 fauces
547 899 850 966 expiretur',
889 914 985 950 nec
1002 895 1217 952 absurde
1235 899 1463 966 quidem,

230 917 272 1021 ᾗ
304 968 601 1034 Corporeus
627 966 766 1021 foret
799 969 1054 1021 Animus:
1093 967 1307 1020 Addunt
1326 965 1466 1020 insu-

231 1053 327 1106 per
358 1037 604 1089 Animam
654 1036 890 1098 suturam
939 1033 1325 1090 dissolutionem
1359 1052 1467 1089 me-

231 1112 473 1160 tuentem
501 1103 630 1172 aegre
660 1112 814 1173 atque
838 1103 1005 1158 invito
1027 1105 1203 1164 exire3
1237 1103 1467 1172 Respon-

234 1176 326 1228 det
354 1174 494 1241 apud
525 1175 827 1227 Ciceronem
848 1173 973 1227 Cato
994 1212 1012 1239 ‚
1066 1173 1213 1241 ,Quid
1229 1172 1355 1241 qudd
1375 1173 1466 1235 sa·

227 1244 562 1312 pientaeffi‘mm
580 1244 782 1310 quisque
815 1244 1076 1310 aequffmo
1101 1242 1285 1294 Animo
1315 1244 1465 1294 mori-

231 1323 356 1377 tur,
380 1311 697 1376 stultzffi'mm
733 1313 1030 1379 iniquifflmo
1059 1318 1081 1364 ἓ
1115 1312 1301 1363 Nonne
1324 1313 1465 1363 vobri-

230 1382 446 1435 videtur
468 1381 683 1437 Animus
714 1385 755 1436 ἐς
773 1419 790 1445 ,
828 1384 916 1447 qui
945 1382 1061 1447 plus
1081 1390 1249 1432 cernat
1276 1380 1343 1441 δέ
1361 1381 1465 1431 lon-

225 1453 385 1517 gius,
418 1450 594 1501 videre
614 1449 675 1511 se
710 1451 772 1501 ad
795 1449 997 1502 meliora
1027 1449 1279 1517 proficisci
1292 1467 1313 1511 3
1369 1449 1464 1502 Ille

232 1528 403 1571 autem
439 1520 589 1583 cujus
615 1519 828 1585 ‘obtusior
869 1522 998 1572 acies
1017 1555 1035 1583 ‚
1109 1535 1204 1569 non
1234 1519 1409 1571 videre
1439 1525 1463 1571 ἒ

233 1588 487 1655 Equidem
526 1586 873 1656 efferorstudio
892 1598 1058 1655 patres
1087 1586 1274 1651 vestros
1291 1626 1308 1653 ‚
1347 1604 1462 1656 quos

233 1657 370 1709 colui
390 1654 460 1716 &
474 1657 632 1709 dilexi
648 1695 665 1722 ‚
702 1658 944 1717 *videndi3
980 1675 1131 1725 neque
1152 1654 1274 1709 vert)
1291 1676 1363 1709 eos
1376 1656 1462 1718 so-

233 1727 342 1778 lum
363 1727 629 1777 convenire
645 1744 769 1778 aveo
783 1764 800 1791 ‚
816 1726 1036 1787 sedilios
1058 1728 1208 1778 etiam
1228 1763 1247 1791 ,
1274 1727 1331 1778 de
1352 1729 1462 1793 qui-

233 1798 329 1846 hm
366 1796 550 1847 audivi
568 1833 585 1860 ‚
653 1793 722 1856 Εἴ
751 1796 881 1861 legi,
945 1794 1015 1857 ἆρ’
1048 1795 1149 1863 ipse
1182 1793 1457 1862 corffcripst.

232 1860 358 1933 ,Qud
397 1864 597 1931 quidem
624 1881 701 1915 me
730 1864 1120 1931 proficiscentem
1138 1903 1155 1929 ,
1192 1864 1324 1916 haud
1347 1863 1461 1926 scio

231 1937 345 2001 quis
368 1933 534 1996 facil&
570 1937 844 1985 retraxerit
865 1952 885 1995 ,·
937 1931 1089 2003 ,ριιόιὶ
1103 1931 1164 1999 st
1185 1936 1294 2002 quis
1325 1935 1461 1987 Deus

232 2004 367 2054 mihi
382 2002 633 2069 largiatur
651 2011 709 2054 ut
732 2020 793 2054 ex
811 2004 904 2054 hac·
924 2012 1069 2056 aetate
1092 2002 1428 2069 repuerascam
1443 2041 1459 2068 ,

235 2070 311 2133 69'
349 2073 403 2121 in
442 2074 580 2123 cunis
602 2072 812 2137 vagiant
830 2110 847 2137 ,
894 2071 1041 2124 valde
1064 2071 1319 2134 recusem3
1375 2090 1463 2124 nee

230 2137 359 2193 verri
380 2142 539 2192 velim
560 2178 578 2204 ,
614 2139 752 2210 quasi
777 2140 975 2202 decurso
979 2140 1153 2207 spatio
1186 2142 1216 2193 ὰ
1240 2142 1380 2194 calce
1400 2142 1463 2193 ad

237 2211 470 2262 Carceres
490 2212 738 2261 revocari.
813 2211 1034 2263 Demum
1058 2208 1314 2274 affirmant
1337 2210 1439 2263 Ani

228 2294 380 2331 mum
400 2316 417 2342 ,
443 2279 685 2346 quoniam
697 2280 760 2331 ‘in
775 2279 985 2332 Pestore
1004 2279 1245 2332 Hominis
1264 2277 1461 2346 semper

228 2346 359 2401 fitus
380 2346 453 2400 est
478 2344 560 2419 (fi
576 2348 853 2415 Epicurum
869 2387 886 2414 ‚
910 2349 1016 2402 viz.
1039 2344 1349 2418 audiamus)
1372 2365 1462 2403 ex-

229 2426 317 2472 tra
357 2417 538 2485 pestus
583 2434 688 2470 non
734 2416 874 2486 poffe
912 2418 1175 2485 integrum
1212 2435 1419 2472 manere
1440 2457 1458 2484 ,

233 2485 379 2556 quafi
400 2487 541 2540 Aves
558 2487 616 2541 in
638 2488 760 2540 nido
778 2494 907 2541 natae
926 2494 1073 2541 extra
1090 2487 1245 2541 illum
1265 2485 1460 2542 versari

232 2563 517 2624 nequeant.

301 2692 840 2760 Decimumquintum
862 2731 879 2758 ‚
917 2691 947 2748 a
967 2708 1020 2747 v.
1039 2697 1158 2761 624.
1182 2694 1313 2748 adv.
1334 2698 1454 2760 633.

227 2760 465 2827 ejusdem
483 2760 553 2814 est
570 2779 687 2815 cum
708 2761 921 2831 reliquis
941 2761 1118 2816 farinae
1138 2800 1156 2827 ,
1184 2764 1236 2816 &
1256 2763 1458 2832 Vulgus

226 2828 363 2898 sapit
396 2848 410 2881 ε
486 2831 538 2883 N
542 2847 599 2884 ec
621 2831 894 2893 Decimum
915 2829 1115 2884 sextum
1136 2871 1153 2897 ‚
1204 2830 1307 2893 av.
1336 2838 1453 2898 634.

231 2902 296 2953 ad
329 2916 384 2953 v.
419 2903 539 2963 669.
587 2906 692 2952 tam
715 2898 1155 2967 fuse·explicaffet
1186 2900 1379 2967 heta,
1418 2899 1457 2954 fi

224 2975 433 3023 motum
444 2964 739 3024 Animalem
754 3006 770 3033 ‚
809 2985 969 3037 eaque
987 2969 1322 3025 instrumenta
1347 2987 1457 3039 quae

224 3037 309 3090 isti
332 3035 650 3105 perficiendo
665 3035 955 3099 inserviunt
975 3037 1324 3106 perspexifl'et.
1366 3041 1457 3094 Se·

226 3107 412 3175 quenti
431 3104 460 3157 a
477 3122 531 3158 v.
555 3110 672 3172 670.
687 3108 759 3175 ad
776 3125 827 3160 v.
855 3112 973 3173 678.
1014 3107 1162 3160 Plato
1197 3110 1249 3162 &
1266 3108 1458 3178 Pytha-

224 3192 380 3243 goras
396 3171 768 3241 respondeant,
799 3175 918 3229 istos
936 3178 1075 3230 enim
1093 3175 1227 3230 solos
1246 3179 1453 3245 premit,

227 3247 283 3298 &
319 3244 425 3296 alia
453 3245 560 3307 jam
601 3261 696 3312 ago
721 3252 751 3296 ε’
788 3246 1061 3299 Decimum
1092 3243 1366 3313 septimum
1402 3247 1454 3300 Sc

221 3313 470 3375 ottavum
490 3350 507 3375 ‚
546 3311 577 3365 a
606 3329 658 3365 v.
686 3314 804 3380 679.
835 3315 897 3367 ad
928 3332 980 3367 v.
1004 3328 1123 3380 712.
1160 3314 1456 3383 supponunt

219 3382 477 3435 Animum
535 3382 855 3448 Corporeum
903 3400 998 3451 per
1040 3386 1209 3438 totum
1254 3386 1453 3451 Corpus

221 3449 453 3504 diffundi
471 3488 487 3514 ‚
529 3452 581 3503 Sc
606 3451 803 3503 cunetis
833 3452 977 3505 illius
1008 3453 1241 3520 partibus
1272 3453 1455 3522 alliga-

218 3520 303 3584 ri,
361 3533 467 3588 quo
508 3519 643 3572 nihil
685 3519 894 3586 famus,
933 3530 1022 3577 aut
1043 3521 1349 3576 absurdius:
1383 3523 1455 3574 -in

219 3589 403 3656 Capite
422 3626 440 3653 ‚
471 3595 718 3668 tanquam
730 3589 978 3659 Princeps
995 3592 1053 3645 in
1068 3591 1210 3647 Solio
1228 3590 1413 3646 residet
1434 3629 1451 3658 ‚
1523 3593 1864 3730 {fflffl'tltlxim
1877 3592 2293 3716 gurffigtx‘ilpiffiio
2327 3665 2387 3728 ju
2424 3654 2427 3657 ,
2495 3665 2505 3676 ·

1247 3702 1250 3705 .
1423 3700 1428 3707 .
1911 3723 1917 3729 .
2168 3724 2171 3727 .
2276 3702 2294 3730 ‚
2410 3728 2417 3734 .

213 3655 395 3728 ibique
416 3652 733 3743 domatur.

1484 439 1490 448 ι

2628 233 2772 311 189

1606 336 1968 416 Quam'futilis
1987 354 2051 410 fit
2072 356 2161 411 ista
2181 397 2197 425 ,
2217 355 2247 413 a
2262 374 2314 414 v.
2337 372 2458 427 713.
2486 362 2549 417 aa
2567 380 2620 418 v.
2643 380 2764 434 740.

1539 421 1626 502 de·
1651 422 2248 481 Vermibus³observatio
2282 431 2475 485 omnes
2497 431 2726 492 sentiunt
2747 477 2765 504 ,

1538 506 1627 557 qur
1642 491 1858 547 Vermes
1887 494 1944 545 in
1966 495 2138 549 Terra
2156 535 2173 561 ‚
2212 498 2396 553 Planta
2417 539 2434 565 ‚
2457 500 2613 556 Caseo
2630 543 2647 570 ‚
2686 523 2769 559 re·-

1537 558 1657 683 ξέιῗθ
1682 561 1918 684 prqfestb
1965 580 2233 633 nunquam
2265 568 2525 625 Animatis
2561 577 2766 641 genitos

1597 649 1612 680 ι
1660 646 1760 682 run
1784 669 1800 683 .

1608 732 1710 796 Qui
1730 735 2036 804 Animarum
2056 734 2560 807 transmigrationem
2588 746 2767 801 defen-

1537 802 1706 887 duntx,
1741 802 1822 856 isti
1841 796 2094 874 effugiaint
2112 809 2274 862 nodos
2295 825 2424 876 quos
2443 814 2603 869 nectit
2634 817 2767 871 Poe-

1536 878 1622 934 ta,
1663 887 1691 922 a
1727 888 1779 925 v.
1801 886 1921 938 741.
1950 875 2037 926 ‘ad'
2058 892 2110 928 v.
2139 880 2256 940 769.
2328 878 2399 932 Et
2423 882 2607 937 deinde
2643 884 2672 937 a
2702 904 2757 943 v.

1536 954 1654 1005 770.
1693 941 1757 993 ad
1778 957 1831 993 v,
1856 947 1976 1007 776.
2035 941 2300 998 Absurdus
2334 945 2474 1003 foret
2501 952 2721 1007 Animus
2739 996 2760 1024 ‚

1535 1007 1632 1061 nifi
1647 1017 1862 1076 cuperet
1883 1011 2082 1082 Corpus
2101 1013 2341 1068 vividum
2363 1016 2415 1069 δε
2435 1019 2617 1085 vigens
2632 1060 2649 1086 ,
2674 1024 2764 1078 fu-

1535 1087 1782 1146 geretque
1801 1071 1942 1134 senio
1963 1080 2274 1134 confectum
2334 1085 2412 1136 De
2428 1083 2760 1155 sequentibus

1535 1147 1565 1200 a
1587 1164 1638 1199 v.
1663 1159 1784 1213 777.
1805 1150 1870 1201 ad
1907 1165 1959 1201 v.
1995 1161 2112 1215 784.
2189 1149 2275 1202 Isti
2310 1153 2521 1208 videant
2543 1195 2559 1221 ‚
2598 1156 2635 1210 fi
2670 1163 2761 1228 qui

1534 1214 1633 1270 fint
1657 1254 1675 1282 ‚
1713 1218 1803 1284 qui
1834 1217 2202 1286 Pythagoricas
2236 1236 2398 1288 nugas
2428 1224 2624 1293 aliquid
2659 1229 2761 1283 effe

1534 1292 1760 1368 putent}
1816 1285 2073 1349 Quoniam
2107 1288 2232 1341 veri)
2265 1289 2580 1357 Vigefimum
2608 1313 2762 1364 quar-

1534 1363 1683 1421 tum,
1739 1372 1769 1405 a
1789 1370 1842 1407 v.
1884 1366 2003 1420 785.
2036 1358 2099 1409 ad
2131 1374 2184 1410 v.
2221 1369 2336 1417 800.
2361 1360 2507 1418 idem.
2531 1363 2606 1418 est
2638 1384 2758 1421 cum

1536 1423 1751 1476 Decimo
1773 1431 1955 1490 quarto
1988 1462 2005 1489 ‚
2065 1426 2180 1479 ideo
2213 1444 2318 1480 non
2351 1429 2454 1483 alia
2485 1431 2571 1487 hic
2602 1436 2758 1505 quam

1534 1492 1646 1545 illic
1665 1491 1954 1547 adhibenda
1976 1492 2046 1547 est
2064 1492 2339 1563 responfi0.

1600 1630 1646 1683 A
1680 1645 1732 1683 v.
1764 1640 1880 1690 801.
1907 1632 2042 1685 adv.
2071 1637 2187 1692 806.
2252 1634 2383 1689 Rem
2406 1636 2757 1697 immortalem

1532 1700 1610 1752 rei
1631 1699 1838 1753 mortali
1861 1702 2175 1768 conJ’ungere
2196 1699 2613 1763 Praestantiffimis
2633 1711 2758 1763 Phi-

1530 1766 1757 1834 losophis
1792 1771 2022 1824 nondum
2041 1769 2207 1824 visum
2236 1773 2342 1827 fuit
2374 1776 2754 1846 incongruum,

1529 1844 1622 1890 aut
1652 1835 1962 1899 absurdum3
2019 1839 2220 1895 Deinde
2254 1850 2464 1911 contra,
2503 1845 2532 1898 a
2556 1864 2608 1900 v.
2632 1859 2752 1915 807.

1534 1908 1597 1959 ad
1614 1923 1666 1959 v.
1691 1918 1808 1971 829.
1830 1916 2071 1976 quartum
2088 1927 2251 1974 genus
2270 1928 2444 1965 rerum
2468 1916 2717 1984 constituo
2733 1956 2754 1983 ,

1532 1976 1896 2042 incorporem,
1934 1978 2040 2030 viz.
2079 1978 2378 2033 substantias
2402 1983 2753 2039 immortales:

1532 2045 1688 2112 idque
1718 2045 2048 2112 impudenter
2067 2048 2278 2115 negabit
2301 2050 2591 2118 Epicurus,
2633 2054 2756 2108 cum

1536 2114 1670 2165 Deos
1689 2110 1806 2167 suos
1834 2121 2047 2170 aeternos
2078 2118 2131 2170 &
2168 2117 2544 2174 indissolubiles
2571 2123 2757 2175 consti-

1531 2182 1709 2235 tuerit.
1750 2182 1974 2236 Demum
1993 2222 2009 2249 ‚
2032 2183 2059 2237 a
2074 2202 2126 2239 v.
2152 2197 2268 2252 830.
2288 2188 2417 2241 adv.
2441 2199 2556 2255 841.
2583 2191 2754 2246 Lustu

1531 2252 1823 2317 penetranti
1839 2250 1976 2305 affici
1996 2292 2013 2317 ‚
2053 2256 2105 2308 &
2135 2256 2273 2309 curis
2296 2257 2538 2311 edacibus
2569 2261 2755 2315 vexari

1531 2319 1776 2394 Animum
1801 2360 1818 2385 ‚
1861 2324 1914 2377 &
1955 2323 2183 2392 Corpore
2217 2324 2410 2379 morbis
2447 2326 2754 2395 quibusdam

1531 2397 1768 2456 correpto
1790 2391 1943 2444 illum
1968 2394 2165 2448 debitas
2194 2393 2487 2448 functiones
2507 2414 2754 2452 exercere

1531 2475 1634 2511 non
1651 2457 1789 2526 poffe
1810 2459 2134 2529 confitemur,
2153 2472 2207 2517 at
2221 2463 2347 2517 verb
2367 2465 2613 2519 Animum
2629 2468 2753 2521 inde

1527 2526 1646 2580 fieri
1660 2529 1930 2582 mortalem
1945 2533 2278 2598 pertinaciter
2298 2549 2564 2601 negamus.

1608 2624 1734 2691 Jam
1764 2621 1890 2678 verb
1924 2623 2175 2691 copiofius
2214 2625 2529 2683 ostenderem
2561 2627 2752 2687 frustra

1527 2694 1633 2748 haec
1659 2693 1833 2746 omnia
1865 2701 2168 2761 argumenta
2185 2712 2463 2764 congerere
2499 2699 2552 2752 ἃς
2583 2701 2753 2768 expli-

1529 2780 1644 2817 care
1662 2763 1956 2817 Lucretium
1972 2800 1988 2827 ,
2015 2764 2214 2818 'Mortis
2246 2767 2385 2819 enim
2417 2773 2612 2820 metum
2644 2786 2752 2824 non
2777 2763 2793 2815 ἶ

1526 2832 1723 2886 tollunt
1753 2849 1767 2883 z
1805 2832 2011 2899 Quippe
2035 2834 2098 2886 iis
2123 2835 2213 2901 qui
2232 2833 2379 2887 bonis
2394 2835 2752 2908 prosperisque

1528 2900 1682 2955 rebus
1701 2908 1922 2954 utuntur
1937 2941 1955 2967 ‚
1993 2902 2116 2970 quid
2132 2901 2474 2958 calamitofius
2504 2905 2594 2958 ista
2614 2902 2753 2963 mor-

1525 2977 1578 3023 te
1600 2987 1710 3041 quae
1738 2968 1802 3024 fit
1816 2973 2000 3043 ςέρκσις
2015 2970 2320 3040 οἷιοῦήσεωςῖ
2360 2976 2412 3028 86
2434 2973 2645 3028 Miseris
2674 2985 2753 3030 ta-

1527 3039 1632 3093 lem
1661 3046 1881 3093 mortem
1916 3056 2204 3109 proponere
2239 3058 2339 3110 qua
2376 3046 2751 3112 extinguantur

1526 3107 1734 3176 penitus
1754 3146 1772 3173 ,
1809 3107 1979 3178 ficque
1998 3107 2318 3163 miseriarum
2336 3110 2398 3166 fit
2413 3111 2550 3177 finis,
2576 3116 2754 3181 perin-

1527 3179 1590 3232 de
1607 3179 1678 3232 est
1693 3195 1752 3232 ac
1768 3176 1806 3231 fi
1826 3180 2016 3243 jactato
2036 3180 2392 3246 tempestatum
2411 3180 2602 3236 saevitia
2632 3200 2754 3250 pro-

1524 3255 1748 3314 ponatur
1763 3246 2092 3315 naufragium
2112 3286 2129 3312 ‚
2169 3264 2270 3316 quo
2287 3247 2575 3303 submersus
2596 3250 2754 3305 suffo-

1525 3314 1767 3384 catusque
1788 3318 2066 3383 procellam
2102 3318 2343 3384 deinceps
2374 3316 2753 3376 sensurus'non

1524 3382 1615 3438 fit:
1658 3385 1776 3437 Hoc
1796 3385 1865 3438 est
1886 3386 2154 3454 egregium
2174 3425 2191 3451 ‚
2218 3388 2354 3454 quod
2371 3387 2607 3455 praestant
2624 3390 2754 3457 Epi-

1525 3456 1638 3506 curi
1656 3455 1894 3521 dogmata
1911 3492 1926 3519 ,
1950 3453 2190 3508 solatium
2209 3472 2228 3515 ς
2248 3457 2397 3520 Quod
2417 3464 2606 3523 tamen,
2662 3475 2756 3511 ua-

1524 3523 1576 3576 le
1615 3521 1685 3577 est
1716 3560 1735 3588 ‚
1785 3523 1946 3576 Bonis
1986 3525 2225 3586 omnibus
2276 3528 2328 3579 <Sc
2379 3527 2483 3583 Piis
2526 3527 2635 3580 invi
2659 3526 2755 3580 'um
