3064 4747
48 1868 51 1875 ¹
141 1866 256 1902 cem
297 1855 605 1915 argumenta
639 1848 943 1912 perierunt,
983 1846 1108 1899 licet
1129 1861 1235 1898 non
1266 1851 1372 1897 tam

805 201 1293 284 LIBER
1391 202 2072 284 PRIMUS.
2257 228 2261 234 ·
2395 248 2409 271 2·
2580 226 2674 304 63

141 345 463 410 gumentum
494 375 512 404 ‚
577 338 717 408 quod
765 337 1071 390 infoeliciter
1120 337 1349 404 elegerat
1365 374 1385 402 ,
1456 333 1563 394 lid&
1589 333 1833 402 supponit
1852 339 1989 405 quod
2019 338 2241 404 probare·
2269 339 2484 408 debuit,
2511 341 2681 402 solum

140 417 388 464 exornat.
434 409 556 462 Ver.
583 412 699 461 160.
773 405 925 460 Nihil
967 404 992 458 ὲ
1027 406 1212 460 Nihilo
1235 402 1382 470 fieri,
1456 407 1656 472 Corpus
1689 404 1857 471 Agere
1901 407 1953 459 &
1984 406 2130 474 Pati,
2174 411 2417 477 Tangere
2450 414 2503 464 &
2535 414 2681 467 Tan-

143 480 194 532 &
233 476 394 531 Nihil
418 478 474 529 in
513 475 758 528 Nihilum
795 475 991 528 reverti
1019 476 1195 527 decem
1231 489 1385 541 argu·
1453 475 1506 542 gi
1540 472 1679 541 poffe
1713 490 1726 524 :
1767 473 1917 527 Hanc
1942 477 2081 528 euim
2105 472 2458 532 definitionem
2479 481 2680 535 Huma-

141 547 341 600 mentis
375 545 599 613 probare
629 545 818 598 nititur
839 559 858 604 3
907 541 1170 610 ingeniose
1211 541 1383 595 fateor
1451 559 1528 594 nae
1548 543 1748 597 Animae
1765 541 2039 611 omnesque
2059 545 2434 602 immateriales
2452 546 2681 605 substan-

142 614 388 677 invenit,
448 610 649 680 copiose
683 612 944 681 explicat,
1000 620 1053 667 at
1084 628 1197 664 rem
1219 608 1385 678 ipsam
1449 612 1532 666 tiae
1557 608 1874 670 aversantur.

141 680 363 735 minime
385 683 616 749 attingit.
689 682 1041 736 concedamus
1062 681 1200 734 enim
1220 681 1382 748 quod-
1469 700 1474 705 ’

140 751 272 804 libet
309 749 340 803 ὲ
375 751 614 819 quolibet
657 751 784 803 oriri
831 766 936 802 non
967 746 1108 816 posse
1143 787 1162 814 ,
1225 748 1378 801 certis
1517 747 1642 802 Ver.
1670 759 1810 814 484-
1832 748 2127 806 Seminibus
2155 747 2257 804 suis
2290 751 2572 820 perfectam
2596 755 2679 812 so·-

139 819 474 887 temporibus
511 836 594 872 res
631 814 803 884 nasci,
865 834 994 885 opus
1027 816 1126 870 effe
1144 824 1378 884 tempore
1448 816 1704 870 liditatem
1726 817 1964 870 attribuit
1982 819 2163 872 multis
2184 825 2501 888 argumentis
2520 863 2537 889 ‚
2576 844 2677 881 nec

140 905 240 956 quo
282 887 522 941 crescant
540 926 557 952 ,
600 888 652 941 ‹S'c
684 888 901 942 materia
932 903 1033 954 qua
1055 893 1375 952 augeantur:
1447 901 1681 952 repugno
1713 903 1726 936 ε
1784 887 1855 940 At
1883 886 2008 939 vero
2043 889 2158 939 ideo
2196 888 2291 941 illa
2326 889 2530 946 dissolvi
2565 912 2674 948 non

1516 951 1587 1006 ffe
1623 954 1772 1007 nulla
1804 951 1979 1008 suadet
2005 955 2136 1008 ratio
2172 973 2189 1016 3
2246 958 2491 1013 Solidita's
2531 965 2673 1017 enim

1488 1023 1719 1075 eminum
1751 1024 1921 1076 oritur·
1948 1041 2012 1076 ex
2044 1025 2270 1090 partium
2288 1065 2306 1092 ‚
2360 1043 2469 1095 quae
2500 1033 2674 1084 conci-

1448 1093 1502 1158 pi
1531 1089 1739 1158 possunt
1754 1129 1771 1156 ,
1796 1093 2051 1161 conta‘Ctu.
2124 1093 2193 1146 At
2214 1095 2269 1145 in
2288 1096 2527 1157 omnibus
2549 1116 2672 1151 con-

1449 1160 1604 1213 cretis
1636 1159 1951 1227 Corporibus
1979 1163 2129 1214 datur
2141 1165 2385 1229 'artium
2405 1167 2671 1222 contactus

1449 1229 1658 1296 :equalis
1689 1225 1869 1281 saltem
1903 1227 1984 1281 isti
2006 1268 2022 1295 ‚
2086 1232 2175 1298 qui
2214 1231 2285 1284 est
2320 1233 2458 1286 inter
2496 1243 2671 1302 partes

1449 1297 1719 1350 Seminum
1739 1335 1755 1361 ‚
1807 1299 2063 1351 contastui
2100 1317 2113 1351 :
2192 1299 2418 1368 Ideoque
2443 1302 2673 1371 Corpora

137 957 388 1025 Denique
420 965 591 1010 certos
623 953 722 1008 effe
746 957 905 1009 aetatis
922 956 1222 1022 viriumque
1243 954 1379 1011 Ter-

137 1026 313 1077 minos
335 1063 352 1089 ‚
393 1027 448 1078 ἃς
468 1026 634 1091 Agros
657 1024 907 1077 industria
935 1025 988 1076 &
1026 1023 1232 1076 cultura
1269 1022 1381 1074 Ho-

135 1095 350 1146 minum
369 1093 663 1147 fertiliores
680 1093 844 1145 reddi.
919 1093 1280 1159 Supponamus
1299 1091 1381 1142 in-

130 1161 296 1229 ·super
332 1162 489 1215 Nihil
528 1162 744 1215 interire
778 1159 874 1213 nisi
903 1163 959 1214 vi
993 1161 1167 1227 aliqua
1207 1157 1380 1212 dissol-

135 1240 297 1285 vatur
325 1269 346 1295 ,
381 1230 644 1284 Animalia
675 1227 903 1297 quotidie
929 1227 1066 1282 nasci
1096 1244 1201 1279 non
1240 1225 1378 1295 posse

128 1298 237 1352 'nisi
296 1316 369 1352 ex
439 1299 592 1351 certis
651 1295 932 1352 seminibus
987 1295 1328 1350 reficerentur
1359 1313 1376 1356 3

137 1369 516 1435 Supponamus
563 1383 723 1420 unam
775 1368 1093 1434 eandemque
1145 1366 1256 1417 vim
1295 1365 1378 1417 res
1449 1372 1689 1418 concreta
1718 1363 1878 1419 effent
1907 1365 2046 1434 aeque
2077 1367 2449 1422 indissolubilia
2481 1375 2578 1425 aci
2615 1371 2670 1427 sa

129 1439 360 1495 ‚cunetas
394 1435 668 1489 difl'olvere
705 1452 810 1487 non
842 1435 1051 1499 valere,
1090 1450 1187 1486 nec
1212 1434 1379 1487 Natu-
1449 1435 1673 1488 Semina.
1726 1434 1949 1503 Reliqua
1996 1444 2299 1504 argumenta
2333 1439 2519 1506 quibus
2582 1442 2669 1496 uis

137 1523 251 1572 ram
289 1505 494 1573 aliquid
518 1507 802 1572 producere
826 1542 843 1569 ,
882 1501 978 1556 nifi
1008 1510 1174 1555 morte
1208 1502 1378 1555 aliena
1448 1501 1743 1555 Seminibus
1790 1505 2127 1558 aeternitatem
2166 1505 2379 1560 adstruit
2408 1547 2425 1572 ,
2483 1509 2669 1564 vitiosa

138 1575 446 1638 adiuvetur.
484 1574 487 1575 ⁷
521 1574 658 1636 Quid
699 1570 888 1625 efficiet
918 1572 1188 1624 Lucretius
1210 1578 1233 1623 ἓ
1286 1571 1376 1623 Se·
1444 1569 1787 1638 suppositione
1805 1572 2136 1639 innituntur,
2173 1572 2377 1628 assumit
2426 1579 2528 1630 uod
2548 1595 2671 1646 pro-

137 1644 285 1694 mina
323 1640 435 1708 ipsa
468 1658 575 1694 non
614 1638 766 1694 fuiffe
802 1639 827 1693 ὲ
863 1640 1045 1694 Nihilo
1081 1639 1373 1707 produsta?
1446 1638 1568 1692 bare
1588 1638 1798 1694 debuit:
1836 1641 1906 1694 Et
1930 1639 2051 1694 cum
2072 1643 2274 1694 demum
2298 1645 2360 1696 ad
2456 1649 2669 1699 inimum

139 1713 250 1764 Aut
283 1711 444 1765 Nihil
481 1711 727 1764 Numinis
765 1718 898 1763 nutu
937 1711 989 1763 &
1041 1708 1375 1767 Providentia

1444 1711 1580 1777 quod
1606 1716 1794 1763 vocant
1812 1709 2243 1764 Mathematicum
2264 1710 2403 1779 fugit
2420 1751 2437 1778 ‚
2462 1731 2513 1767 v.
2542 1720 2663 1781 609,

138 1779 257 1833 fieri
291 1780 321 1833 ⁴?
378 1780 642 1832 Neutrum
673 1778 982 1844 concludet,
1030 1778 1249 1844 ideoque
1289 1777 1374 1829 de-

1443 1779 1642 1845 magnis
1662 1775 2053 1832 difficultatibus
2071 1818 2087 1844 ‚
2114 1778 2310 1843 fateor,
2348 1781 2667 1838 adversarios

1441 1848 1634 1912 premit
1653 1884 1671 1911 ‚
1712 1843 1798 1898 sed
1818 1843 1933 1914 Ipse
1953 1864 2057 1900 non
2075 1848 2361 1903 minoribus
2381 1857 2606 1906 tenetur.

143 1917 356 1985 Ingenii
391 1913 471 1969 sui
493 1955 510 1979 ,
568 1916 721 1983 quam
760 1914 929 1968 Causae
963 1915 1114 1968 vitio·
1156 1931 1209 1967 v.
1250 1918 1367 1967 266.
2597 1938 2600 1941 ·
2661 1928 2670 1984 Ἰ

143 1986 358 2038 Semina
418 1982 507 2037 sua
543 1985 702 2038 exilia
753 1985 805 2036 &
840 1984 1042 2036 minuta
1082 1989 1262 2036 contra
1307 1983 1373 2035 il-
1509 1982 1634 2036 Ver.
1676 1988 1794 2048 630.
1835 1984 1916 2037 De
1947 1983 2247 2050 Heraclito,
2305 1985 2661 2055 Empedocle‚

144 2054 217 2107 los
237 2093 254 2119 ‚
297 2054 393 2122 qui
416 2051 537 2106 solis
567 2054 730 2104 Oculis
746 2053 999 2117 credunt,
1030 2048 1235 2118 egregie
1259 2059 1372 2104 tue-
1439 2052 1779 2118 Anaxagora,
1818 2054 1871 2106 Sc
1902 2052 2036 2105 Aliis
2054 2090 2070 2116 ‚
2106 2053 2395 2121 triumphos
2425 2057 2563 2122 agit,
2607 2059 2664 2112 δε

143 2129 227 2176 tur
260 2141 280 2183 ς
339 2124 391 2176 &
433 2139 485 2175 v.
526 2135 626 2187 330
655 2161 673 2187 ‚
729 2121 889 2173 Inane
923 2119 1022 2175 effe
1055 2121 1370 2188 argumentis
1441 2120 1649 2172 demum
1686 2136 1739 2173 Vs
1768 2135 1887 2186 950.
1961 2119 2249 2188 universo,
2292 2124 2429 2191 quod
2450 2141 2515 2176 ex
2538 2126 2667 2180 Cor-

145 2199 368 2259 quatuor
395 2229 412 2256 ‚
472 2191 658 2259 quibus
697 2207 848 2242 nemo
886 2206 1116 2257 unquam
1145 2188 1372 2244 meliora
1439 2204 1565 2255 pore
1599 2190 1651 2241 &
1691 2187 1845 2242 Inani
1880 2187 2071 2243 constat
2096 2229 2113 2254 ‚
2170 2187 2525 2244 Infinitionem
2548 2193 2667 2246 lon·-

143 2261 364 2325 protulit
380 2297 397 2325 ,
424 2261 648 2312 evincit:
686 2274 907 2326 quorum
926 2259 1094 2325 primo
1122 2259 1174 2310 Sc
1191 2265 1374 2325 quarto
1444 2274 1509 2324 ga
1545 2254 1886 2324 disputatione
1912 2257 2151 2312 attribuit
2168 2298 2185 2324 ‚
2223 2259 2316 2312 ubi
2336 2260 2501 2313 multa
2542 2278 2666 2314 con-

147 2325 175 2398 (
208 2326 497 2382 secundum
543 2329 681 2382 enirn
731 2344 790 2381 ac
841 2328 1058 2381 tertium
1101 2343 1207 2379 non
1256 2324 1375 2380 sunt
1442 2333 1524 2380 tra
1556 2326 1756 2379 Stoicos
1790 2327 1846 2379 in
1883 2325 2135 2381 Universo
2174 2322 2386 2382 Infinito
2422 2331 2663 2386 Medium

144 2397 371 2461 eiusdem
408 2392 716 2465 firmitatis)
767 2412 1036 2465 nunquam
1085 2393 1198 2450 'vidi
1235 2397 1372 2464 quod
1442 2393 1719 2449 statuentes
1748 2394 1980 2463 copiose,
2030 2399 2197 2452 multa
2221 2396 2496 2451 secundum
2535 2400 2664 2467 Epi-

144 2467 325 2534 reponi
354 2464 524 2533 possit.
924 2472 926 2475 ’
1442 2463 1552 2515 curi
1585 2464 1774 2530 placita
1803 2463 2017 2525 ornate3
2056 2463 2139 2519 sed
2170 2466 2262 2519 illa
2296 2464 2437 2519 falsis
2475 2463 2663 2534 suppo-

1438 2529 1707 2586 sitionibus
1737 2530 1955 2586 subnixa
1984 2542 2250 2589 corruunt.
2290 2534 2491 2588 Deinde
2512 2537 2663 2590 Anti-
2690 2577 2696 2586 .

226 2604 356 2657 Ver.
379 2620 502 2670 420.
541 2603 694 2657 Nihil
725 2602 823 2657 effe
853 2611 1038 2672 praeter
1071 2604 1271 2671 Corpus
1314 2604 1366 2657 &
1437 2602 1595 2670 podas
1628 2608 1861 2655 extorres
1894 2604 2033 2670 agit,
2103 2621 2195 2657 uos
2220 2606 2275 2655 in
2296 2610 2497 2657 veteres
2516 2604 2660 2659 sedes

144 2670 302 2725 Inane
328 2671 531 2727 duobus
563 2674 881 2740 argumentis
900 2671 1206 2738 confirmat,
1244 2672 1368 2725 reli·
1439 2668 1567 2722 olim
1604 2669 1823 2723 restituit
1858 2668 2027 2723 sanior
2124 2670 2411 2740 hilosophia
2455 2674 2505 2725 ἃ
2552 2673 2663 2727 Ex-

145 2756 343 2809 quaque
369 2742 546 2794 omnia
573 2779 590 2806 ‚
629 2757 737 2809 quae
764 2742 872 2794 Alii
904 2743 1042 2796 inter
1071 2758 1154 2794 res
1187 2757 1369 2794 nume-
1436 2739 1708 2804 perientia.
1732 2738 2012 2807 Utcunque
2027 2748 2202 2794 tamen
2218 2739 2320 2798 suis
2341 2743 2659 2807 argumentis

144 2817 253 2863 rant
286 2847 305 2875 ‚
369 2811 605 2863 detrudit
636 2812 693 2862 in
728 2809 931 2864 claffem
965 2809 1328 2863 Accidentium
1347 2847 1364 2874 ,
1437 2806 2056 2861 adblanditurHominur'n
2075 2810 2449 2878 imaginationi,
2510 2827 2586 2863 uae
2602 2812 2659 2863 in

146 2894 246 2945 quae
301 2875 409 2931 sola
452 2880 700 2946 opinione
753 2878 783 2931 a
825 2880 1050 2946 Corpore
1108 2880 1162 2932 &
1217 2879 1369 2931 Inani
1439 2874 1714 2930 Infinitum
1734 2875 1927 2930 deferri
1952 2885 2106 2944 amat,
2128 2896 2223 2931 nec
2242 2894 2470 2946 unquam
2518 2880 2659 2948 patio

145 2946 624 3021 distinguunturz&
649 2945 921 3002 subsistunt
938 2966 963 3000 :,
991 2947 1095 3001 Hic
1115 2946 1242 3002 vero
1265 2946 1370 3000 cal·
1436 2942 1557 2999 fixit
1576 2945 1825 2999 terminos
1842 2984 1861 3012 ,
1896 2964 1991 3001 nec
2007 2944 2167 3015 figere
2187 2948 2414 3003 audebit.

839 3156 1134 3231 Finis
1222 3157 1532 3232 Luuu
1617 3155 1873 3229 Pium
1902 3176 1955 3230 1.
