3064 4747
830 208 2049 294 ARGUMENTUM.

142 384 603 481 formaturam
643 374 934 473 explicat.
1046 386 1177 455 Cur
1205 379 1415 451 eadem
1452 405 1582 452 vox
1609 386 2007 476 percipiatur
2029 380 2071 451 τὶ
2094 380 2321 476 ‘multis
2335 434 2357 467 ,
2377 470 2385 478 ,
2407 393 2718 460 rationem

162 474 435 555 reddit3
482 470 750 566 Quidfic
769 471 953 545 Echo
974 523 996 557 ,
1050 470 1355 564 quomodo
1371 476 1532 565 fiat,
1584 479 1624 540 ἀ
1662 498 1727 541 v.
1764 492 1913 558 524.
1936 472 2026 541 ad
2063 496 2131 541 v.
2162 486 2314 560 619.
2362 482 2481 548 IX.·
2519 485 2717 549 Dein.

165 565 347 636 dede
370 567 658 650 Sapore,
700 560 791 648 ἓξ
836 563 1096 643 Gustu,
1147 562 1223 632 de
1249 562 1524 641 Odore,
1579 558 1670 646 &²
1693 559 1969 633 Olfacta
2007 561 2182 633 docet
2207 592 2234 644 ,-
2280 566 2461 659 Quid
2500 590 2716 663 nempe

148 656 245 745 fit
271 658 480 741 Sapor
499 704 523 737 ‚
617 655 729 723 uid
759 653 957 726 Odor
979 704 1002 739 ‚
1062 649 1152 737 ἓξ
1172 678 1287 723 cur
1309 677 1435 723 non
1456 650 1539 722 ab
1566 650 1848 723 omnibus
1858 649 2239 748 sentiantur.
2346 661 2476 729 Cur
2502 659 2717 732 Cibus

168 745 339 815 idem
374 743 509 814 aliu
598 744 750 815 ulcis
788 794 807 824 ‚
880 744 1042 814 Aliis
1085 767 1345 813 amarus
1366 745 1498 837 fiat
1523 770 1550 824 ‚-
1611 747 1743 815 Cur
1785 741 1982 813 Odor
2021 742 2184 813 alius
2220 743 2361 815 aliis
2383 746 2473 834 fit
2515 758 2718 842 magis

169 853 363 929 aptus
380 884 405 920 ‚
459 831 550 917 ἓξ
574 835 728 904 Vox
751 834 890 903 aliis
908 852 1217 905 terrorem
1235 839 1505 903 incutiat
1523 883 1546 917 ‚
1596 857 1727 923 quae
1747 831 1901 902 alios
1926 834 2102 914 juvet
2119 881 2142 917 ‚
2178 831 2406 921 saltem
2441 863 2566 908 non
2585 860 2722 911 ter-

170 942 320 998 reat
343 975 366 1010 ,
404 924 457 992 -ci
485 951 549 992 v.
584 935 737 1008 619.
762 923 851 994 ad
869 951 931 994 v.
967 936 1118 1011 726.
1177 930 1258 994 X.
1298 921 1373 993 de
1401 924 1881 1005 Imaginatione
1905 939 2092 1014 atque
2113 922 2532 1011 Cogitatione
2551 937 2717 1023 agit,

176 1040 339 1108 quas
348 1033 472 1107 per
491 1011 835 1101 tenusffima
857 1039 1073 1084 rerum
1105 1011 1436 1086 Simulach
1444 1035 1513 1082 ra
1521 1013 1636 1100 Jeu
1660 1018 1956 1105 imagines
1976 1038 2114 1104 quae
2127 1019 2193 1081 in
2202 1033 2481 1088 :mentem
2498 1025 2717 1090 incur-

174 1123 338 1177 rant
356 1155 379 1190 ‚
428 1107 565 1195 fieri
573 1111 830 1197 pariter
847 1111 942 1176 ait
964 1154 988 1191 ‚
1038 1102 1183 1175 inde
1213 1108 1403 1173 varia
1428 1101 1505 1173 de
1525 1102 1996 1195 cogitationibus
2015 1102 2399 1195 problemata
2406 1118 2719 1202 proponit

180 1192 278 1281 ἓξ
300 1198 566 1288 explicat
584 1245 607 1278 ‚
674 1201 805 1267 Cur
821 1246 845 1279 ,
887 1221 952 1265 v.
975 1218 1048 1281 g.
1090 1194 1423 1264 videamur
1443 1198 1510 1262 in
1537 1197 1780 1265 Somnis
1811 1192 2027 1262 videre
2045 1193 2177 1263 illos
2193 1243 2216 1279 ‚
2267 1203 2378 1286 qui
2381 1202 2521 1285 jam
2546 1225 2716 1271 mor..

175 1293 281 1357 tui
286 1285 446 1372 fitnt
470 1314 490 1353 .-
568 1291 698 1357 Cur
727 1282 1135 1357 Simulachra
1154 1308 1373 1355 rerum
1399 1281 1513 1372 seu
1545 1289 1854 1369 Imagines
1881 1281 2226 1353 videantur
2260 1286 2435 1359 nobis
2471 1296 2715 1361 morari

182 1376 343 1447 dum
380 1381 721 1462 cogitamus
768 1402 857 1446 ea.
896 1375 906 1390 '
972 1380 1104 1447 Cur
1126 1372 1332 1464 subito
1368 1371 1621 1465 quisque
1653 1378 1886 1460 cogitat
1921 1397 2050 1465 quae
2091 1373 2362 1450 lubuerit
2389 1406 2408 1445 .-
2480 1384 2611 1452 Cur
2643 1389 2715 1451 in

182 1472 430 1539 Somnis
468 1472 775 1537 cernimus
824 1470 1113 1551 moveri,
1163 1467 1203 1534 ἀ
1242 1491 1310 1533 v.
1360 1474 1512 1550 726.
1559 1461 1648 1533 ad
1681 1490 1747 1533 v.
1781 1476 1961 1546 820„
1997 1469 2114 1535 XI.
2156 1467 2212 1533 ἁ.
2233 1491 2298 1535 v.
2330 1481 2483 1551 821.
2529 1469 2617 1540 ad
2637 1499 2710 1543 v.

179 1579 342 1645 905.
424 1563 623 1627 Docet
647 1557 1016 1644 Linguam,
1051 1555 1311 1626 Oculos
1332 1604 1357 1641 ‚
1396 1557 1604 1625 Aures
1629 1604 1650 1635 ,
1701 1553 1771 1625 N
1777 1576 1962 1639 αἴθε)
2012 1560 2222 1630 omnia
2242 1556 2502 1650 denique
2504 1558 2716 1651 sensit..

184 1652 378 1718 tionis
410 1656 662 1739 Organa
734 1649 873 1716 riits
893 1662 1048 1716 nata
1068 1644 1176 1739 effe
1196 1647 1383 1738 quam
1401 1668 1617 1715 eorum
1640 1642 1815 1733 usum
1832 1693 1856 1730 ‚
1891 1643 2071 1731 ficies
2102 1646 2250 1717 vero
2268 1654 2336 1717 in
2373 1653 2718 1743 artificiosis

155 1736 374 1809 erebus
393 1762 522 1829 quae
533 1664 806 1830 pendent
825 1763 901 1806 ex
959 1734 1174 1825 raevila
1196 1734 1538 1829 indigentia
1559 1765 1578 1803 .-
1631 1740 1784 1805 XII.
1831 1740 1931 1805 De
1957 1736 2236 1823 Somn0,
2261 1762 2335 1808 ac
2353 1738 2713 1815 Insomniis

183 1833 325 1914 agit
346 1878 366 1908 ‚
418 1826 838 1920 imprimisque
916 1844 1045 1897 ocet
1078 1852 1206 1918 qua
1234 1832 1480 1897 ratione
1498 1827 1620 1915 fiat
1639 1830 1898 1897 Somnus
1919 1830 1986 1895 in
2021 1824 2244 1915 nobis-3
2291 1825 2382 1912 {cf
2400 1837 2715 1905 ἰηεαειενιῖς

184 1917 683 1989 Animantibus:
725 1922 1126 1988 Somniorum
1156 1923 1375 1987 varias·
1393 1914 1661 2007 affignat
1680 1913 1892 2004 causas
1910 1965 1934 1999 ,
1990 1912 2081 1999 {⁵3³
2096 1915 2345 1987 demum
2363 1920 2452 1990 ad
2470 1946 2568 1992 res
2602 1932 2718 1996 Ve-

184 2032 406 2078 nereas
426 2006 847 2101 delapsusziv.
886 2027 1074 2093 1050.
1130 2008 1317 2099 usque
1352 2006 1441 2076 ad
1458 2010 1658 2098 finem
1696 2004 1844 2076 libri
1878 2005 1954 2075 de
1993 2009 2239 2077 Amore
2261 2058 2285 2094 ,
2336 2012 2717 2097 Sterilitate‚

184 2097 646 2170 foecunditate
665 2135 712 2181 ‚·
753 2094 892 2181 &a
945 2096 1199 2167 liberius
1226 2095 1451 2189 forsan
1491 2093 1583 2179 &²
1621 2098 1902 2189 apertius
1930 2098 2118 2198 quam
2155 2116 2282 2191 par
2322 2118 2464 2174 erat
2482 2151 2508 2189 ,
2557 2104 2723 2195 (sed

186 2185 535 2281 Philojbphi
556 2196 623 2261 in
642 2185 793 2279 hisce
819 2186 1003 2259 rebus
1004 2184 1128 2276 fibi
1143 2186 1414 2286 maxime
1445 2184 1822 2281 indulgent)
1843 2184 2141 2279 disputat.

2236 4396 2303 4470 Τ.
2362 4401 2739 4484 LUCRE·
