3064 4747
324 168 465 255 54,

326 281 446 338 Nec
499 280 697 346 interest
741 282 799 334 in
839 283 1016 351 quibus

224 392 229 399 „
327 352 511 411 Omnis
529 346 805 429 <Universt
813 348 842 421 )
854 353 1020 420 parti-

327 423 417 473 bm
433 417 671 484 consistas,
684 437 1018 488 quamcunque

327 490 463 544 enim*
475 497 668 555 partem
686 488 822 541 illim
840 490 1019 556 aliquis

326 567 566 627 occupat,
597 558 762 612 Omne
779 559 1020 624 relinquit

327 624 718 695 quoquoversum
734 629 794 679 ab
810 645 862 678 ea
876 635 1019 694 parte

332 695 465 762 aeque
478 694 1020 760 Infinitum.Pr-aeterea

1058 234 1068 244 ,
1101 155 1175 223 Τ.

1277 146 2066 234 L-UCRETIt

1086 282 1448 377 Necrefert
1466 283 1710 370 quibus
1743 282 1986 357 affistas
2014 283 2634 446 regionibuseiusf
2707 320 2710 327 ·

1091 372 1313 461 Usque
1360 373 1525 478 adeo
1569 399 1767 462 quem
1800 373 2315 462 quisque-locum
2344 376 2650 464 pol1dit,
2701 375 2778 448 in

1295 488 1555 534 omneis
2387 497 2398 500 ·
2563 508 2588 517 -·
2733 478 2876 552 965'

1089 554 1521 626 Tantundem
1553 554 1795 642 parteis
1816 552 2157 625 infinitum
2178 554 2414 625 Omne
2435 555 2770 644 relinquit.

1181 646 1501 716 Praeterea
1520 693 1544 729 ,
1595 642 1645 714 fi
1667 644 1794 731 jam
1819 642 2089 716 finitum
2116 643 2552 716 constituatur
2871 654 2878 659 ’

310 753 580 833 stwTotum
604 763 918 831 quodcunque
936 760 1038 814 ex:
1092 736 1324 805 Omne
1343 733 1524 820 quod
1548 732 1637 804 est
1664 730 1972 821 spatium,
2008 732 2052 804 fi
2076 735 2222 820 quis
2244 757 2585 820 procurrat
2614 735 2697 805 ad
2717 758 2872 808 oras

331 826 521 894 tenficm
547 831 612 897 est
647 833 895 899 aliquibus
925 841 1023 883 ter·

330 903 478 961 minis
479 901 632 966 finiri
635 898 894 964 statuatur
911 939 928 966 ,
945 899 1023 967 st-

333 973 442 1038 quzb·
458 969 803 1036 progrediatur
839 969 903 1022 ad
939 987 1025 1020 ex·-

333 1048 510 1090 tremos
524 1038 628 1089 illos
630 1038 931 1103 fines‚telum
964 1055 1023 1088 ue

322 1108 493 1171 jaciat
507 1145 525 1167 .‚
561 1115 731 1158 utrum
748 1108 877 1160 dices
897 1056 1028 1172 istud

335 1176 484 1230 telum
517 1192 690 1241 magno
711 1176 899 1243 impetu
932 1178 1027 1227 im-
1075 1180 1079 1187 '

330 1242 528 1312 pulsum
547 1246 602 1295 in
639 1262 744 1295 eam
756 1254 949 1311 partem
972 1246 1026 1295 in

339 1329 489 1381 quam
525 1311 855 1377 destinabatur
891 1312 1027 1379 longe

336 1383 533 1433 evolare
552 1419 569 1447 ‚
605 1398 668 1432 an
689 1384 746 1432 ab
769 1382 935 1449 aliquo
949 1383 1029 1432 ob-

322 1447 515 1515 staculo
547 1451 841 1517 impeditum
893 1453 1028 1517 quie-

323 1518 467 1581 scere
482 1519 673 1571 debere?
687 1517 883 1585 Horum
899 1521 1029 1570 enim

337 1584 549 1639 alterum
584 1588 720 1638 dicas
746 1582 918 1656 neceffi‘
942 1586 1023 1652 est.

1094 825 1386 901 Ultimus
1406 842 1739 895 extremas
1761 874 1784 909 ,
1821 825 2138 912 jaciatque
2157 824 2425 894 volatile
2455 826 2660 897 telum
2682 873 2705 911 ,
2873 876 2876 881 »

1084 913 1168 986 Id
1194 914 1428 987 validis
1450 914 1681 985 utrum
1707 933 2092 985 contortum
2118 913 2373 985 viribus
2396 916 2490 985 ire
2733 939 2874 1005 970

1097 1006 1262 1092 Qo
1280 1001 1482 1075 fuerit
1500 1001 1772 1074 missum*
1788 1005 2001 1076 mavis
2023 1054 2049 1088 ‚
2101 1002 2425 1090 longeque
2443 1004 2670 1090 volare
2686 1038 2722 1086 ,·
2821 1040 2846 1075 ,ν
2874 1072 2882 1079 .

1098 1097 1199 1165 An
1226 1092 1572 1181 prohibere
1600 1092 1845 1180 aliquid
1871 1091 2087 1165 censes
2109 1145 2131 1178 ,
2185 1092 2570 1181 obstareque
2593 1091 2764 1181 poffe
2789 1096 2826 1168 ἲ

1098 1185 1509 1255 Alterutrum
1529 1180 1788 1255 fatearis
1819 1185 1995 1254 enim
2020 1232 2038 1262 ,
2087 1181 2428 1270 sumasque
2447 1181 2699 1255 neceffe
2720 1184 2795 1256 'st
2812 1235 2841 1271 ,

1100 1275 1410 1435 Quotam
1434 1296 1790 1362 utrumque
1810 1274 1932 1345 tibi
1956 1267 2278 1361 effugium
2304 1275 2683 1362 praecludit,
2737 1277 2805 1347 &
2853 1326 2858 1331 ι

1150 1406 1155 1411 ·
1382 1387 1537 1435 mne
1805 1404 1808 1411 ·
1839 1408 1840 1411 =
1967 1398 1972 1407 .
2389 1390 2398 1403 ⁴
2627 1408 2630 1427 ε
2718 1408 2721 1412 ι
2879 1405 2884 1415 .

1103 1453 1303 1538 Cogit
1322 1474 1400 1523 ut
1422 1472 1728 1541 exempta
1750 1453 2068 1525 concedas
2088 1450 2221 1524 fine
2250 1446 2491 1540 patere.
2574 1489 2578 1494 ·
2733 1472 2878 1542 975·

1100 1545 1282 1615 Nam
1304 1541 1441 1614 five
1461 1541 1554 1614 est
1574 1544 1822 1631 aliquid
1843 1595 1863 1629 ,
1893 1542 2468 1631 quod-prohibeat,-
2491 1542 2875 1632 efficiatque

339 1657 601 1709 Neutrum
617 1654 739 1707 vero
762 1665 810 1707 te
829 1657 953 1723 elabi
951 1655 1030 1722 st-

338 1723 516 1793 net,&
527 1734 695 1776 utrum
730 1742 788 1777 ue
800 1725 1032 1791 cogetfa·

339 1795 438 1844 teri
472 1795 647 1847 Omne
712 1812 772 1844 ne
808 1795 1032 1846 terminis
1084 1810 1089 1815 ’

339 1855 446 1983 ψ.
462 1860 531 1922 θ’
544 1861 831 1923 immensum
841 1874 1026 1929 patere.

366 1932 470 1989 ‚ive
484 1933 615 1983 enim
628 1929 692 1996 est
705 1931 897 1998 aliquid
909 1932 1034 1999 quod

262 2036 291 2055 f
339 1999 578 2066 impediat
607 1997 698 2067 quc)
722 2000 886 2053 minus
928 2017 1034 2051 eam

333 2077 530 2135 partem
545 2106 563 2132 ,
588 2070 642 2119 in
658 2086 804 2136 quam
824 2067 1033 2133 destina·

339 2146 449 2193 tum
448 2137 588 2202 fuit,
608 2140 847 2204 attingat,
867 2139 1030 2205 ibique

339 2214 576 2272 tanquam
598 2208 652 2258 in
672 2203 1039 2272 terininosest-¹

1102 1636 1268 1716 Quo
1285 1635 1496 1705 minu’
1520 1657 1654 1720 quo
1675 1632 1935 1705 missum
1958 1633 2031 1703 ’st
2056 1631 2561 1721 veniat,finique
2587 1634 2758 1705 locet
2777 1631 2884 1720 sej

1103 1725 1257 1794 Sive
1276 1720 1449 1793 foras
1472 1720 1679 1794 fertur
1701 1773 1724 1808 ‚
1776 1747 1914 1794 non
1936 1722 2029 1794 est
2047 1748 2121 1794 ea
2138 1721 2280 1793 fini’
2300 1720 2613 1810 profecta

1105 1814 1258 1884 Hoc
1283 1817 1472 1900 pasto
1497 1813 1727 1900 sequar
1752 1863 1773 1899 ,
1826 1826 2030 1900 atque
2046 1838 2192 1883 oras
2231 1814 2613 1900 ubicunque
2641 1812 2879 1885 locaris

1108 1904 1448 1974 Extremas
1474 1954 1497 1989 ‚
1548 1927 1838 1989 quaeram
1861 1904 2019 1989 quid
2038 1904 2204 1975 Telo
2227 1903 2512 1990 denique
2530 1901 2666 1975 fiat.
2736 1916 2880 1991 980

1103 1993 1255 2067 Fiet.
1272 1995 1373 2065 uti
1395 1990 1719 2081 nusquam
1742 1992 1935 2080 possit
1960 1989 2306 2065 confistere
2327 1991 2520 2064 finis:
2602 2055 2610 2062 .
2643 2026 2650 2037 ·
2887 1998 2890 1999 ’

1102 2079 1574 2171 Effugiumque
1593 2080 1764 2170 sugae
1792 2084 2070 2169 prolatet
2090 2085 2274 2170 copia
2297 2080 2568 2169 semper.

1138 2234 1141 2239 ,
1191 2174 1510 2245 Praeterea
1537 2169 1821 2260 spatium
1847 2175 2151 2246 Summai
2168 2174 2373 2244 totius
2400 2197 2602 2243 omne
2669 2200 2674 2205 ·

327 2272 726 2341 stat‚stvelonge
744 2276 933 2340 evolet,
955 2277 1028 2326 ibi
1100 2262 1415 2350 Undique
1437 2261 1482 2332 fi
1507 2252 1830 2334 inclusum
1859 2264 2054 2333 certis
2074 2261 2451 2333 confisteret
2469 2263 2604 2335 oris
2621 2312 2647 2349 ,
2741 2336 2744 2339 ,

335 2341 556 2410 profeci&
574 2344 735 2397 nullut·
768 2354 875 2397 erat
885 2346 1023 2412 finis.

340 2407 454 2480 Hoc
484 2414 623 2465 modo
641 2413 901 2480 insequar,
960 2413 1028 2474 Εἴ

1099 2353 1524 2441 Finitumque
1548 2351 1759 2439 foret·²
1810 2352 1946 2446 jam
1971 2353 2159 2441 copia
2181 2354 2493 2426 Materia'i

339 2483 615 2550 ubicunque
630 2481 869 2535 extremos
884 2481 997 2548 istos
1003 2483 1132 2548 fines
1145 2481 1399 2549 posueris,
1436 2484 1559 2551 quid
1576 2482 1667 2534 telo
1675 2483 1768 2549 fiet
1783 2482 2054 2549 inquiram.
2131 2481 2204 2534 Et
2225 2482 2400 2534 exinde
2414 2474 2705 2549 probabitur
2724 2476 2892 2535 nuHoss

341 2545 424 2616 effi?
443 2560 680 2603 extremos
682 2554 811 2618 fines
830 2591 848 2617 .,
874 2552 965 2614 sed
984 2550 1273 2611 immensum
1285 2561 1456 2619 patere
1461 2551 1690 2619 spatium
1708 2564 1795 2617 per
1811 2551 1935 2618 quod
1955 2554 2106 2603 telum
2121 2549 2248 2615 illud
2265 2550 2498 2603 evolaret.
2572 2550 2825 2602 Praeterea
2825 2548 2895 2615 st

340 2617 653 2673 Universum
670 2621 1013 2687 certtkfinibtu
1036 2638 1098 2672 ex
1114 2623 1249 2672 anmi
1256 2630 1401 2688 parte
1419 2621 1664 2683 inclusum
1680 2620 2096 2680 &terminatum
2116 2615 2225 2689 effi’t
2239 2657 2256 2685 ‚
2282 2621 2396 2684 jam
2415 2616 2590 2671 cundia
2605 2636 2771 2671 rerum
2791 2621 2886 2674 Se-

341 2691 476 2740 mina
491 2690 555 2739 vi
558 2688 608 2749 s
595 2708 671 2740 uae

1440 2777 1818 2844 Nora(

411 2881 532 2944 964.
553 2875 801 2943 Affistaesfl
839 2880 1014 2950 Fayus
1035 2879 1262 2948 Abfistas.

1643 2879 1943 2936 Lambinus.
2020 2878 2130 2932 Alii
2156 2877 2208 2931 A
2231 2877 2338 2944 fine
2357 2874 2699 2944 prffeffum‚]

2773 2875 2885 2931 uod

368 2983 376 2990 ·
410 2951 530 3013 967.
555 2947 1007 3015 Praetereafijam‚
1024 2949 1156 3014 δια]
1184 2951 1284 3004 Pro
1306 2946 1573 3002 Infinitate
1644 2950 1809 3016 Fayus
1830 2987 1847 3013 ‚
1890 2955 1951 3002 ut
1972 2946 2101 3002 solet
2120 2985 2138 3011 ,
2175 2945 2462 3014 approbat3
2501 2944 2640 3015 quasi
2680 2945 2762 2999 Te
2786 2963 2883 2999 um

353 3014 591 3082 Universt
602 3017 792 3070 iterum
808 3035 860 3070 v.
885 3023 965 3071 16.
1003 3018 1140 3073 Telo
1155 3017 1244 3072 suo
1261 3015 1464 3084 egregie
1479 3033 1576 3083 pu-
1648 3018 1783 3086 quod
1805 3017 2168 3084 prohiberetur
2186 3033 2237 3069 v.
2263 3018 2382 3082 976.
2405 3015 2514 3076 dici,
2535 3012 2683 3082 possit
2703 3031 2807 3066 non
2829 3013 2885 3068 A

343 3084 750 3152 gnathucretim.
774 3085 896 3139 Esto
913 3087 1391 3149 OmneFinitum‚in
1408 3096 1578 3140 extre-

345 3153 586 3205 maillius
608 3153 848 3207 Univerfi
866 3171 956 3208 ora
974 3155 1259 3210 collocetur
1277 3155 1464 3221 aliquis
1480 3193 1497 3218 ‚
1523 3157 1575 3208 Sc
1622 3189 1628 3198 ·

344 3222 512 3275 telum
531 3222 734 3282 vibret3
761 3225 866 3277 Aut
882 3224 1089 3292 longius
1110 3223 1339 3278 evolabit
1351 3223 1483 3276 istud
1499 3232 1577 3277 te-

346 3290 459 3345 lum
474 3327 491 3354 ‚
514 3299 603 3344 aut
618 3290 681 3343 ab
698 3292 873 3360 aliquo
893 3291 1091 3347 sistetur
1113 3311 1126 3345 ε
1150 3290 1193 3344 fi·
1209 3291 1382 3345 evolet
1399 3329 1414 3356 ‚
1437 3293 1579 3345 ultra

346 3366 629 3416 extremam
649 3377 790 3414 oram
813 3369 954 3429 patet
972 3360 1228 3429 spatium3
1274 3359 1313 3416 fi
1336 3351 1535 3415 sistatur
1559 3399 1575 3425 ‚

346 3427 559 3495 Aliquid
595 3436 742 3482 extra
760 3431 1071 3484 Extremum
1108 3429 1178 3482 est
1213 3441 1239 3480 εἸ
1265 3423 1577 3498 Ubicunque

345 3495 605 3549 Extremae
622 3497 863 3554 Univerfi
880 3516 977 3551 orae
993 3498 1286 3552 statuuntur
1300 3537 1316 3564 ‚
1358 3499 1455 3551 hoc
1470 3516 1580 3552 mo-

349 3566 414 3616 do
434 3565 641 3619 instabit
654 3565 922 3619 Lucretius
938 3606 955 3632 ‚
978 3570 1030 3621 Sc
1045 3568 1151 3621 telo
1168 3565 1259 3619 suo
1275 3567 1575 3621 minabitur.

362 3679 367 3684 -
415 3651 532 3710 968.
563 3650 715 3701 Omne
730 3651 854 3718 quod
875 3649 1220 3719 estspatium]
1241 3648 1575 3704 Universum.

348 3714 452 3777 Qui
472 3716 636 3769 Inane
668 3720 1112 3787 interpretantur,
1152 3721 1469 3787 vineptiunt3
1518 3726 1581 3772 ut

345 3790 488 3850 patet
505 3802 572 3838 ex
594 3803 648 3841 v.
679 3803 798 3854 972.

415 3857 534 3916 968.
568 3855 899 3922 ·Procurrat.]
944 3858 1024 3911 lta
1045 3857 1205 3924 Codd.
1239 3856 1441 3924 optimi.
1470 3854 1580 3907 Alii

350 3920 644 3976 Percurrat.

347 3987 1486 4115 ἢ]
1527 3992 1579 4045 ἃ

416 4139 534 4191 971.
560 4129 726 4197 Qua]
747 4131 898 4200 ⁴Quod
914 4170 931 4196 ,
962 4131 1225 4185 Na.Hunc
1247 4127 1455 4185 versum
1476 4145 1581 4182 non

346 4192 577 4259 agnoscit
596 4200 656 4251 B.

1635 3088 1740 3153 fine
1752 3084 2046 3154 profec'lum.

1716 3166 1836 3221 980.
1871 3154 2036 3218 Tela]
2072 3152 2134 3205 B.
2173 3152 2326 3212 Coelo,
2364 3117 2633 3204 menifesto
2649 3165 2844 3204 errore.

1716 3257 1834 3311 983.
1859 3246 2108 3298 Praeterea
2111 3242 2338 3310 spatium
2357 3281 2373 3308 ‚
2401 3242 2532 3307 δια]
2558 3242 2724 3310 Urget
2748 3257 2890 3309 opus

1648 3316 1822 3378 Poeta,
1844 3316 1896 3367 δι
1912 3331 1964 3367 v.
1992 3329 2071 3379 14.
2092 3311 2301 3376 subjicit
2321 3312 2722 3374 incommodum,
2743 3312 2888 3378 quod

1649 3385 1883 3437 eveniret
1900 3381 1941 3434 fi
1962 3382 2197 3433 Finitum
2218 3418 2233 3440 ,
2274 3381 2325 3434 &
2361 3379 2431 3432 ali
2468 3379 2621 3432 uibus
2644 3380 2888 3433 terminis

1648 3449 1906 3506 inclusum
1928 3447 2051 3504 esset
2077 3448 2397 3511 Universum.
2490 3463 2522 3501 n
2542 3447 2634 3518 isto
2664 3448 2801 3499 enim
2822 3444 2890 3500 fi-

1649 3523 1758 3573 nito
1777 3520 1919 3572 Imus
1936 3519 2126 3587 aliquis
2146 3514 2269 3572 effet
2287 3519 2436 3587 locus
2452 3556 2468 3582 ‚
2510 3519 2572 3568 ad
2594 3532 2747 3594 quem
2769 3517 2891 3569 Ma-

1649 3591 1803 3643 teries
1823 3588 1887 3640 ab
1908 3594 2097 3641 aeterno
2119 3585 2378 3641 subsidens
2405 3588 2581 3638 innata
2596 3585 2689 3637 libi
2709 3584 2892 3654 gravi-
2944 3611 2962 3626 .

1649 3665 1752 3711 tate
1789 3654 2125 3710 contendisset
2143 3695 2159 3721 ‚
2199 3654 2540 3723 effe-stumque
2557 3655 2663 3717 jam
2682 3653 2892 3719 pridem

1649 3723 1823 3779 fuiffet
1843 3764 1860 3790 ,
1897 3734 1957 3780 ut
1980 3722 2208 3792 depressa
2224 3724 2279 3776 in
2314 3739 2429 3776 eum
2450 3724 2623 3774 locum
2642 3718 2892 3774 universa

1650 3795 1865 3848 materia
1884 3794 2018 3846 nihil
2038 3794 2275 3861 generari
2298 3793 2537 3858 deinceps
2568 3787 2763 3857 posset:
2818 3806 2891 3842 ex

1651 3861 1931 3916 seminibus
1952 3863 2092 3916 enim
2153 3859 2497 3914 uiescentibus
2519 3857 2653 3910 nihil
2678 3859 2848 3912 oritur
2868 3874 2889 3918 ς

1652 3930 1781 3985 Cum
1798 3929 1970 3984 autem
1988 3948 2093 3983 non
2133 3937 2174 3983 lt
2191 3930 2337 3982 Imm
2361 3929 2506 3981 locus
2523 3965 2539 3992 ‚
2564 3929 2759 3993 iugiter
2775 3942 2895 3978 mo-

1651 4008 1840 4053 ventur
1861 4000 2140 4067 Principia,
2159 3998 2386 4064 undique
2405 3993 2684 4050 nascuntur
2703 4011 2806 4059 res,
2832 3993 2892 4048 Sc

1653 4085 1718 4121 ex
1744 4067 1957 4121 Infinito
1990 4066 2238 4126 Universa
2262 4081 2395 4119 nova
2418 4065 2626 4118 Semina
2650 4063 2893 4132 Singulis

1651 4137 1869 4190 Mundis
1924 4134 2473 4203 erpetuoinferuntur.

1721 4217 1839 4271 984.
1922 4208 1943 4257 i
1962 4204 2203 4266 inclusum
2224 4205 2369 4254 certis
2392 4198 2708 4267 consisteret]
2767 4201 2897 4253 Con-

416 4273 534 4327 978.
558 4268 681 4318 Non
696 4267 760 4332 est
773 4286 829 4320 ea
835 4261 960 4336 finit
974 4264 1242 4337 profilia]
1288 4267 1370 4320 Ita
1388 4264 1582 4336 optime
1654 4273 1842 4335 clusum
1862 4267 2062 4337 certisst
2072 4269 2322 4336 insisteret.
2371 4303 2376 4310 ·
2397 4268 2702 4344 Gaffendus.

2570 4357 2897 4445 Undique

1874 4511 1882 4544 l

2738 2363 2880 2441 985
2949 2393 2992 2405 Ν
