3064 4747
349 159 500 241 282.

1143 158 1216 247 tr.
1314 159 1378 228 ι
1438 158 2249 239 υ-σκετιιν·

349 300 421 363 ἔθ’
449 302 504 353 in
540 298 642 354 aies
673 302 837 367 majm
875 302 1036 355 tumen
1108 307 1320 393 Inque
1343 305 1483 377 dies
1507 306 1723 395 majus
1749 305 1980 376 lumen
2009 305 2614 378 convertere-nobis

346 368 525 435 nostr-is
569 371 719 422 ocule
766 371 1038 424 videndum

346 441 612 493 obvertere
613 449 764 506 prout
789 440 819 493 ὰ
838 440 948 493 Sole
961 459 1038 491 re-

349 508 481 560 cedit
496 545 513 570 ‚
552 508 698 559 donec
717 509 823 561 Soli
845 509 1038 563 tandem

348 574 558 644 opposita
579 585 736 628 totum
755 580 917 629 orbem
954 596 1037 629 ex-

350 647 516 698 hibeat
552 645 659 713 luce
705 645 1037 711 illustratum,

351 724 497 781 atque
533 715 692 766 oriens
724 715 867 766 vidit
903 715 1039 767 illius

349 781 574 845 occasum
589 800 607 833 .·
646 782 836 836 Deinde
851 784 1040 851 paulla-

348 854 447 904 tim
482 851 513 903 d
530 870 554 903 e
569 853 596 902 b
615 869 639 903 e
654 860 677 903 t
704 852 864 903 lumen
885 851 1039 913 suum

350 919 492 988 quast
500 918 630 972 retro*
648 921 848 972 condere
863 917 1041 989 (aver-

350 985 483 1056 tere)
504 998 651 1055 prout
683 1006 745 1041 ex
773 990 874 1042 alia
896 998 1040 1057 parte

342 1069 435 1125 per
466 1058 733 1124 Signorum
779 1060 940 1110 orbem
979 1058 1041 1109 ad

350 1126 513 1179 Solem
559 1127 763 1192 propios
809 1127 1001 1178 accedit
1022 1144 1039 1178 .·

350 1193 464 1247 Hoc
505 1204 668 1246 autem
703 1195 877 1247 dicunt
900 1233 917 1257 ‚
954 1196 1042 1262 qui

348 1264 808 1331 opinanturLunam
824 1259 1042 1332 effiPilae

290 1342 297 1347 “
333 1332 647 1399 similam&
653 1331 749 1392 sub
765 1334 876 1386 Sole
875 1335 1038 1397 ferri,

353 1399 424 1462 &³
459 1398 676 1468 profecto
716 1420 846 1454 rem
882 1400 1041 1468 ipsam

350 1472 595 1536 attingere
611 1507 629 1532 ‚
678 1469 747 1530 &
788 1490 829 1523 v
847 1490 871 1523 e
890 1489 918 1521 r
937 1488 970 1521 u
990 1487 1040 1520 m

348 1538 511 1590 dicere
541 1538 799 1591 videntur.
874 1536 1041 1601 Potest

350 1609 502 1659 etiam
523 1608 646 1672 fieri
673 1617 730 1658 ut
741 1610 943 1675 proprio
966 1610 1041 1659 lu-

350 1678 484 1727 mine
501 1675 806 1742 splendescat
821 1714 838 1741 ,
875 1675 944 1737 59³
957 1687 1042 1730 ta-

351 1760 461 1794 men
476 1746 654 1796 varias
670 1740 886 1812 (Phases
901 1747 1039 1798 exhi·

351 1813 463 1869 keat
482 1809 512 1881 >
539 1811 813 1881 splendoris
840 1815 1042 1879 formas

351 1880 527 1933 reddat
541 1900 559 1933 .·
596 1899 710 1933 nam
742 1882 897 1949 potest
918 1885 1041 1949 fieri

352 1959 414 2000 ut
433 1950 569 2002 aliud
602 1952 785 2018 Corpus
813 1952 911 2003 unci
929 1970 1039 2005 cum

351 2017 500 2072 Luna
516 2020 778 2084 volvatur,
795 2022 930 2072 omni
942 2038 1041 2071 mo-

352 2087 507 2139 duilli
526 2105 780 2140 occurrens
796 2128 814 2153 ‚
849 2089 1043 2159 ejusque

352 2157 420 2210 lu
440 2176 468 2209 c
484 2173 508 2207 e
522 2174 572 2207 m
614 2157 879 2224 impediens
897 2195 915 2221 ‚
974 2157 1043 2220 ἐρ’

353 2237 605 2291 avertens,
619 2226 744 2293 quod
757 2235 920 2278 tamen
929 2230 1043 2279 Cor-

349 2307 447 2363 pus
469 2298 605 2347 cerni
620 2313 715 2347 non
734 2295 907 2362 potest,
925 2298 1042 2364 quia

352 2378 557 2432 opacum
571 2363 654 2430 est,
674 2362 742 2429 ἅθ’
757 2366 885 2418 nullo
897 2366 1043 2418 Iumi-

354 2451 415 2485 ne
435 2433 662 2486 donatur.
703 2435 870 2499 Potest
889 2437 1044 2487 etiam

356 2502 546 2556 Globm
567 2502 716 2569 iffae
735 2504 890 2556 Lunae
906 2505 1042 2556 circa

1114 398 1209 467 Ad
1229 394 1529 483 speciem,
1558 415 1882 482 quantum
1906 397 2071 467 Solis
2100 393 2334 466 secedit
2356 398 2441 466 ab
2465 398 2652 482 orbe,
2754 409 2894 484 705⁴

1112 488 1452 557 Donicum
1477 511 1630 556 eum
1666 504 1892 556 contra
1917 487 2111 573 pleno
2133 486 2301 555 bene
2327 486 2576 555 lumine
2607 484 2816 573 fulsit,

1114 578 1328 662 Atque
1348 578 1566 646 oriens
1588 577 1816 647 obitus
1836 579 1975 661 ejus
1997 573 2182 661 super
2204 566 2375 646 edita
2401 577 2605 646 vidit:

1111 665 1272 735 Inde
1292 667 1672 737 minutatim
1699 668 1882 736 retro
1909 664 2085 752 quasi
2120 667 2400 736 condere
2429 666 2655 736 lumen

1111 755 1330 825 Debet
1347 758 1504 826 item
1525 806 1549 840 ‚
1597 758 1852 842 quanto
1873 755 2140 844 propius
2166 757 2294 842 jam
2321 755 2487 827 Solis
2508 756 2589 826 ad
2614 758 2842 843 ignem

1115 845 1387 916 Labitur
1420 870 1501 917 ex
1524 847 1646 916 alia
1670 847 2024 933 Signorum
2050 867 2227 932 parte
2250 868 2361 930 per
2389 845 2621 916 orbem
2647 873 2667 916 ι
2751 867 2887 934 710

1118 935 1208 1005 Ut
1228 931 1501 1020 faciunt,
1532 938 1794 1007 Lunam
1818 937 1931 1021 qui
1950 933 2215 1023 fingunt
2235 933 2352 1004 effe
2378 937 2536 1022 pilai

1114 1022 1571 1107 Confimilem,
1599 1022 1945 1111 cursusque
1966 1026 2139 1096 viam
2166 1023 2284 1095 sub
2308 1027 2456 1097 Sole
2476 1042 2699 1095 tenere
2720 1049 2741 1092 ε
2842 1068 2850 1073 -

1112 1115 1462 1200 Propterea
1485 1113 1565 1185 fit
1587 1117 1685 1185 uti
1715 1116 2063 1186 videantur
2083 1115 2297 1185 dicere
2321 1139 2579 1184 verum.

1186 1202 1299 1275 Est
1318 1205 1515 1275 etiam
1547 1228 1810 1292 quoque
1831 1207 1928 1276 uti
1954 1207 2217 1292 proprio
2233 1228 2391 1275 curn
2413 1205 2667 1275 lumine
2685 1200 2884 1290 poffit

1118 1293 1413 1375 Volvier,
1446 1297 1508 1365 ἃ
1535 1296 1749 1365 varias
1771 1293 2131 1382 splendoris
2153 1295 2420 1364 reddere
2446 1293 2712 1365 formas.
2752 1318 2783 1377 7
2801 1311 2884 1373 ις’

1113 1383 1375 1470 Corpus
1404 1385 1581 1455 enim
1619 1385 1768 1456 licet
1794 1382 1911 1454 effe
1936 1385 2137 1470 aliud,
2173 1384 2347 1471 quod
2382 1382 2609 1469 fertur,
2658 1387 2720 1455 ἃ
2746 1384 2884 1455 una

1114 1472 1389 1544 Labitur
1412 1473 1819 1545 omnimodis
1839 1472 2182 1545 occursans
2216 1471 2667 1560 officiensque,

1113 1557 1183 1634 N
1188 1588 1259 1632 ec
1281 1565 1450 1648 potis
1475 1563 1568 1633 est
1587 1565 1761 1634 cerni
1784 1615 1807 1649 ,
1847 1565 2002 1651 quia
2020 1562 2254 1634 cass'um
2280 1565 2529 1637 lumine
2551 1561 2779 1634 fertur.

1114 1654 1172 1721 V
1181 1650 1498 1739 ersarique
1519 1653 1752 1742 potest,
1776 1654 2010 1741 globus
2031 1673 2129 1739 ut,
2155 1651 2202 1723 ss
2223 1653 2413 1738 sorte,
2453 1654 2607 1738 pilai

1112 1743 1407 1813 Dimidia
1428 1768 1510 1813 ex
1534 1745 1703 1830 parti
1729 1744 2034 1815 candenti
2055 1747 2305 1814 lumine
2326 1746 2611 1814 tinctus:
2741 1762 2883 1828 720

1116 1829 1585 1920 Versandoque
1607 1833 1885 1921 globum
1919 1835 2268 1904 varianteis
2296 1836 2487 1904 edere
2510 1831 2782 1917 formas,

1109 1922 1449 1992 Donicum
1468 1948 1612 1994 eam
1629 1922 2356 2012 partem4quaecunq3est
2374 1923 2637 2011 ignibus
2658 1927 2878 2011 aucta,

1117 2012 1215 2082 Ad
1237 2009 1525 2099 speciem]
1545 2015 1746 2084 vertit
1776 2014 1971 2085 nobis
1991 2064 2012 2094 ,
2045 2011 2396 2099 oculosque
2419 2015 2738 2100 patenteis
2758 2041 2779 2082 z

1112 2100 1274 2172 Inde
1294 2103 1675 2175 minutatim
1696 2104 1877 2173 retro
1896 2122 2290 2190 contorquet
2312 2150 2334 2189 ,
2373 2105 2437 2173 ἃ
2461 2101 2671 2173 aufert
2723 2130 2726 2133 ’

1118 2189 1481 2263 Luciferam
1511 2211 1763 2280 partem
1788 2193 2513 2280 glomeraminis‚atque
2537 2194 2708 2280 pilai:
2744 2210 2881 2283 725

1122 2284 1210 2354 Ut
1231 2283 1627 2370 Babylonica
1654 2283 2040 2354 Chaldaeum
2061 2284 2354 2354 doetrina
2379 2281 2672 2353 refutans

1119 2371 1609 2461 Astrologorum
1633 2393 1840 2444 artem
1864 2376 2091 2444 contra
2113 2376 2504 2446 convincere
2526 2372 2739 2444 tendit
2757 2400 2779 2443 ε

1116 2463 1395 2534 Proinde
1422 2462 1601 2550 quali
1633 2462 1777 2534 fieri
1797 2481 2074 2550 nequeat
2097 2463 2275 2549 quod
2299 2487 2548 2551 pugnat
2569 2484 2878 2552 uterque,

341 2571 496 2633 suum
511 2582 733 2623 centrum
748 2572 916 2636 volvi,
936 2581 994 2625 ut
988 2571 1049 2636 st
1117 2556 1248 2623 Aut
1275 2554 1494 2623 minus
1518 2552 1648 2624 hoc
1671 2555 1785 2623 illo
1807 2552 1884 2623 fit
1903 2577 2019 2623 cur
2038 2554 2411 2641 amplectier
2433 2550 2623 2624 aulis,

339 2640 488 2705 firte
502 2640 623 2692 Pila
638 2658 698 2692 ex
713 2642 1044 2708 dimidiapar-

355 2718 406 2762 te
427 2709 612 2760 lumine
639 2711 867 2762 candenti
885 2708 1043 2762 tinila

355 2779 493 2829 circa
502 2776 655 2838 suum
678 2788 901 2830 centrum
925 2797 1044 2830 ver-

1205 2644 1515 2730 Denique
1540 2667 1704 2748 {cur
1723 2662 2005 2731 nequeat
2026 2640 2275 2731 semper
2296 2668 2478 2715 nova
2507 2645 2699 2715 Luna

1383 2756 1584 2804 creari
2663 2780 2676 2800 .
2744 2755 2886 2830 730j

341 2845 491 2909 setar
510 2884 528 2910 ‚
564 2845 635 2907 &-
663 2846 779 2899 aum
805 2846 1042 2899 volvitur
1114 2821 1377 2893 Ordine
1399 2820 1765 2893 formarum
1791 2840 1968 2894 certo
1990 2873 2012 2907 ,
2057 2819 2372 2909 certisque
2396 2820 2664 2911 figuris:

356 2916 534 2968 varias
555 2914 1041 2981 splendorisformas
1069 2965 1080 3006 ,
1116 2914 1320 2999 [nque
1339 2913 1477 2983 dies
1501 2915 1725 3000 privos
1748 2909 2112 2984 abolescere
2134 2937 2408 3000 quaeque
2436 2931 2670 2997 creata,

351 2984 879 3047 reddere3donectotam
895 2983 1039 3049 istam

348 3062 543 3121 partem
560 3070 667 3121 quae
686 3055 850 3119 ignita
865 3053 929 3118 est
948 3052 1119 3118 nostra
1144 3053 1293 3106 ocultis
1324 3054 1549 3108 obvertit
1561 3091 1578 3118 ‚
1620 3051 1789 3105 deinde
1803 3052 2068 3121 pauuatim
2082 3050 2213 3105 retro*
2230 3061 2516 3120 contorquet
2533 3090 2552 3117 ‚
2592 3050 2664 3114 δ’
2680 3055 2878 3105 avertit

351 3120 569 3173 lucidam
593 3122 728 3187 globi
738 3133 931 3190 partem
947 3141 964 3174 :
1009 3124 1079 3177 Ut
1100 3123 1360 3191 Babylonii
1393 3124 1480 3190 qui
1513 3132 1685 3182 contra
1726 3121 1921 3174 Graecos
1947 3121 2222 3186 astrologos
2250 3121 2505 3189 disputant
2535 3122 2835 3174 contendunt
2858 3140 2882 3182 ,·

349 3188 516 3257 ,Quefi
529 3192 784 3258 utriusque
805 3194 931 3244 artis
950 3190 1204 3254 sententia
1221 3210 1315 3245 non
1331 3191 1471 3259 poffi‘t
1493 3186 1579 3260 effe
1598 3207 1725 3244 vera
1748 3228 1765 3255 ‚
1795 3200 1883 3242 aut
1905 3191 2071 3258 aliqua
2094 3189 2328 3251 suaderet
2346 3193 2477 3242 ratio
2495 3207 2585 3242 cur
2599 3189 2884 3251 alterasen-

351 3259 512 3309 tentia
525 3259 672 3310 alteri
683 3260 986 3327 praeferatur
1000 3279 1018 3313 .·
1036 3262 1262 3333 Denique
1274 3279 1365 3314 cur
1383 3278 1477 3312 non
1491 3260 1646 3328 potest
1662 3259 1796 3311 nova
1815 3260 1960 3312 Luna
1967 3258 2162 3325 semper
2184 3261 2346 3311 creari
2361 3268 2492 3310 certo
2493 3259 2788 3322 formarum
2803 3276 2884 3311 ora

349 3325 466 3376 dine
479 3363 497 3391 ‚
532 3325 602 3387 ἔθ’
617 3329 947 3395 εενέὺβςιινὴ
961 3329 1140 3384 donata
1164 3369 1184 3398 ,
1213 3349 1305 3384 cur
1322 3347 1624 3399 unaquaeque
1643 3330 1788 3384 Luna
1804 3331 1881 3381 ita
1900 3328 2117 3398 quotidie
2132 3335 2299 3381 creata
2318 3366 2336 3394 ,
2378 3327 2597 3397 quotidie
2613 3329 2769 3381 etiam
2785 3344 2884 3379 non

344 3403 535 3464 pereat,

1446 3467 1775 3523 NoTAE.

418 3572 540 3640 714.
579 3556 672 3624 Est
687 3559 1038 3640 etiam-qaoque
1057 3559 1185 3625 αεὶ]
1247 3559 1372 3616 Haec
1388 3561 1583 3641 dicitur
1722 3563 1842 3626 726.
1893 3558 1965 3610 Ut
1992 3555 2333 3639 Babylonica]
2389 3555 2488 3637 Per
2508 3554 2618 3636 ssab
2658 3553 2888 3610 ionicam

350 3626 729 3683 Auammandrl
760 3645 969 3695 opmm,
1006 3645 1115 3696 quae
1144 3637 1319 3686 tamen
1349 3629 1414 3683 ab
1436 3630 1584 3683 ilhus
1656 3626 1951 3684 Chaldaeum
1988 3629 2272 3680 dottrmam
2308 3624 2561 3690 intelhglt
2582 3625 2621 3678 C
2661 3625 2848 3678 aldaeos
2867 3663 2888 3690 ‚

276 3690 295 3714 ⁴
348 3694 603 3752 sententia
624 3694 848 3750 maxime
868 3696 1051 3757 distat3
1096 3715 1216 3751 nam
1232 3696 1273 3753 fi
1294 3697 1467 3753 forsan
1482 3697 1587 3752 Lu·
1690 3699 1747 3750 ui
1776 3694 1950 3750 Berofi
1984 3693 2307 3765 Hypothefin
2330 3701 2508 3747 contra
2532 3694 2796 3761 vulgarem
2816 3693 2890 3745 Α-

349 3782 472 3818 nam
485 3765 679 3819 dixerit
697 3762 810 3824 ’ἴδιον
831 3763 958 3836 ’ἔχειν
988 3767 1115 3833 Φῶς·
1150 3767 1296 3820 Plut.
1318 3769 1375 3819 de
1393 3768 1583 3820 placit.
1645 3769 1680 3831 J
1699 3767 1934 3830 rologiam
1961 3765 2256 3820 tuebantur.
2304 3763 2517 3815 Chaldaei
2534 3763 2674 3815 enim
2692 3762 2794 3815 hoc
2812 3763 2893 3815 lo-

349 3834 492 3886 Phil.
515 3833 710 3890 lib„11.
737 3851 846 3901 cap.
872 3839 955 3899 26,
995 3836 1047 3888 &
1088 3845 1172 3896 28.
1248 3831 1511 3905 (ἔφασκεν
1534 3860 1587 3894 τε
1660 3851 1719 3888 co
1737 3834 1895 3888 8&stae
1912 3850 2102 3887 nomen
2126 3832 2196 3886 cst
2217 3870 2233 3896 ‚
2278 3848 2382 3885 non
2411 3831 2628 3885 Gentis:
2663 3830 2811 3905 πικροὶ
2841 3825 2890 3890 δὲ

349 3901 549 3966 σελῆνην
578 3899 836 3970 ψευδοειδῆ
849 3944 866 3969 ,
899 3913 948 3979 ²9
971 3904 1082 3962 οἶπό
1120 3904 1238 3967 vizi&
1255 3907 1585 3976 Φωτίξεοθοιιὲ
1659 3906 2005 3969 Βοιβηλωνίως,
2054 3902 2083 3965 ἢ
2113 3905 2364 3976 Aoo-velox
2390 3897 2664 3980 ,Χοξλὲοιῖοη
2698 3911 2893 3966 Γυμνο-

350 3967 636 4039 Lae'rtius)
680 3971 823 4025 aliud
861 3981 1036 4027 tamen
1075 3973 1274 4041 Corpus
1306 3974 1447 4042 quod
1485 3973 1591 4027 una
1661 3976 1867 4040 σοφιςαῖ
1893 3969 2041 4044 4ἰτ-σιροὲ
2096 3967 2269 4036 Ινδοῖςε
2310 3969 2544 4023 Lae'rtlus
2573 3981 2587 4016 ἓ
2630 3969 2780 4023 Idem
2807 3968 2895 4024 Ci-

346 4036 553 4094 feratur
572 4077 590 4105 ‚
624 4042 760 4107 quod
800 4041 1042 4095 omnibus
1076 4044 1241 4096 modis
1262 4050 1503 4096 occurrat
1538 4044 1590 4095 Sc
1661 4057 1779 4097 cero
1798 4077 1816 4106 ‚
1853 4041 1908 4093 in
1926 4040 2001 4094 11.
2023 4041 2085 4093 de
2107 4040 2339 4092 Divinat.

349 4105 580 4172 officiat,
602 4112 666 4161 ne
718 4110 893 4163 uidem
912 4108 1172 4165 insomnis
1193 4112 1348 4166 vidit.
1389 4111 1587 4165 Plutar.
1731 4143 1850 4207 732·
1877 4140 2233 4204 Abolesaered
2296 4140 2562 4206 Abori-sci,
2608 4125 2891 4204 Gifanius·,

347 4176 415 4227 de
433 4176 514 4229 Pl.
535 4176 672 4230 Phil.
723 4177 789 4231 Ἰ).
810 4180 884 4231 ΙΙ.
908 4195 1019 4246 cap.
1049 4183 1137 4238 26,

1666 4209 1770 4274 Qui
1787 4217 1958 4263 tamen
1980 4209 2174 4263 fatetur
2195 4209 2245 4263 se
2260 4225 2442 4265 vocem
2463 4208 2608 4264 istam
2625 4223 2893 4278 nunquam

350 4326 412 4363 ro
437 4244 1113 4372 '¹189Tulfb‘efflgizqgffopgfftJ3Je
1138 4248 1468 4376 3353&ss
1491 4249 1596 4373 gg:
1664 4276 1861 4347 legiffe’
1899 4276 2182 4342 Gaffen‘lus
2201 4316 2219 4346 ’
2242 4278 2486 4343 ‘Abm'iri'

357 4394 469 4430 rus-

2676 4365 2894 4453 Atque
