3064 4747
1177 106 2064 313 ffl>4<ffl⁸

319 391 399 444 re
432 358 776 465 possunt3
830 359 970 439 suae
1003 362 1343 462 opinioni
1380 361 1545 462 plus
1588 360 1747 453 satis
1771 359 2306 460 indulgentem,
2340 358 2635 463 ejusque
2659 362 2870 442 famas

321 461 560 543 forsan
608 464 823 539 nimis
874 464 1220 559 benigni:
1278 461 1678 539 Sedssistam
1719 462 2310 540 benevolentiam
2337 520 2359 550 ,
2401 486 2557 563 :qua
2585 488 2741 542 non
2765 468 2872 553 inq
2899 511 2915 526 .

323 567 527 665 diget
557 618 580 652 ,
661 561 799 640 Vir
874 564 1087 641 erecti
1151 563 1466 663 justique
1530 565 1752 642 animi
1803 561 2264 663 aspernatur,
2348 579 2740 641 contentus
2784 567 2869 642 iis

326 667 646 752 meritis,
728 687 890 764 quae
933 655 1170 740 Vetus
1212 662 1661 741 Criticorum
1711 660 1962 750 Gens,
2044 662 2503 760 Integerrimi
2546 664 2817 762 Judices
2844 722 2870 756 ,

329 778 830 864 agnoverunt,
889 764 963 839 δι
991 762 1120 841 suo
1146 761 1673 841 confirmarunt
1698 764 1994 862 judicio.
2103 762 2299 841 Nam
2323 765 2398 838 in
2428 763 2703 854 inoffi)
2738 773 2874 839 Ar-

327 887 454 944 tem
490 863 777 942 Tullius
798 919 833 950 „
874 860 984 954 (c)
1035 864 1303 939 Sublime
1332 892 1579 940 carmen
1632 862 1943 944 Ovidius
1967 920 1988 951 ,
2039 860 2539 956 Quintilianus
2572 866 2689 959 (d)
2738 868 2873 938 Ele-

318 973 627 1064 gantiam
657 973 724 1038 in
752 964 871 1056 sua
911 971 1177 1038 materia
1197 1020 1220 1052 ,
1268 962 1540 1042 Statius
1590 967 1727 1056 (τ’)
1770 966 2064 1039 Ardzmm
2082 966 2379 1060 fiarorem
2428 964 2867 1057 admiratur3

331 1061 840 1165 Neque'Quis
891 1074 1040 1153 tam
1077 1067 1378 1143 acerbus
1433 1063 1677 1158 Poi-itae
1730 1062 2047 1152 Censor,
2105 1064 2457 1165 adeoque.
2489 1064 2593 1149 sui
2646 1065 2874 1162 negli-

328 1189 553 1265 gens,
609 1178 692 1243 ut
725 1163 880 1241 haec
913 1178 1178 1264 neget,
1257 1162 1680 1257 Doctorum
1735 1164 2080 1243 invidiam
2129 1164 2249 1243 sua
2305 1168 2634 1265 reprimit
2677 1164 2874 1242 Con-

332 1265 667 1351 scientia,
742 1263 1222 1342 IndOCtorum
1277 1266 1858 1343 maledicentiam
1916 1280 2292 1344 tantorum
2345 1265 2674 1363 judicum
2732 1264 2876 1342 Re-

332 1368 651 1444 verentia
689 1389 707 1441 :
785 1362 876 1442 Et
902 1363 1078 1451 sane
1116 1368 1275 1463 jure
1317 1366 1757 1466 expedianda
1798 1367 1900 1444 est
1942 1367 2263 1462 Elegantia
2303 1365 2751 1444 in·Carmine
2785 1367 2875 1442 ab

333 1464 492 1566 ipso
548 1464 756 1542 Patre
806 1464 1262 1544 venustatum
1305 1470 1438 1563 (f)
1490 1475 1774 1544 Cicerone
1815 1466 2190 1567 perpolito
2214 1524 2237 1563 ,
2294 1468 2690 1552 Sublimitas,
2749 1474 2881 1540 Ar-

334 1566 605 1660 duusque
626 1566 828 1661 furor
870 1567 945 1641 in
1002 1566 1120 1664 (g)
1166 1565 1576 1666 graviffimo
1625 1566 1764 1645 suae
1808 1570 2032 1644 aetatis
2065 1572 2105 1665 <
2124 1591 2279 1658 non
2328 1566 2527 1644 rudis
2577 1559 2749 1642 vero
2802 1566 2880 1641 &

336 1665 701 1760 indoctae)
753 1664 978 1743 Poeta
1027 1690 1047 1743 z
1128 1665 1217 1744 Et
1265 1670 1471 1769 quod
1508 1667 1596 1744 ad
1641 1675 1871 1744 Artem
1914 1668 1954 1744 s
1997 1667 2175 1744 estat
2207 1710 2270 1757 ,=
2309 1666 2430 1744 seu
2473 1666 2881 1763 Argumen-

337 1783 590 1844 torum
625 1767 1125 1844 inventionem
1149 1823 1172 1854 ,
1227 1767 1348 1846 seu
1374 1767 1699 1846 Materiae
1725 1767 1932 1867 dispo
1989 1771 2311 1847 tionem,
2361 1766 2503 1844 five
2528 1767 2616 1843 ad
2647 1789 2881 1843 unum

337 1865 556 1944 finem
587 1921 608 1952 ,
684 1869 998 1966 impium
1053 1865 1288 1957 certe,
1346 1867 1465 1945 sed
1506 1892 1733 1969 quem
1776 1866 1905 1945 fibi
1958 1868 2270 1965 elegerat
2302 1924 2323 1954 ,
2396 1870 2883 1944 attentionem

337 1965 872 2142 conlfideremus
910 2023 935 2056 ,
1012 1966 1211 2047 nulla
1252 1970 1391 2048 erit
1452 1993 1780 2072 unquam
1847 1969 2233 2071 perfestior
2272 1960 2704 2070 Disciplina}
2739 1965 2885 2044 for·

334 2091 466 2146 mu
494 2091 554 2146 a.
1535 2126 1543 2133 .

489 2261 637 2345 Uu
666 2291 695 2343 1
743 2268 1134 2365 ,Quintiliano
1180 2270 1367 2346 inter
1411 2265 1720 2347 Veteres
1767 2266 2075 2356 (Postae
2104 2266 2403 2348 fortaffis
2452 2267 2569 2346 alii
2614 2265 2887 2362 judica-

338 2369 571 2457 bunt,
657 2392 801 2465 ego
847 2365 1020 2447 vero
1064 2368 1277 2470 ipfius
1318 2373 1700 2469 „Quintiliani
1745 2368 2089 2450 Hominis
2144 2375 2220 2446 in
2288 2371 2500 2447 rebus
2563 2363 2887 2445 Philoso-

338 2469 575 2570 phicis
619 2468 922 2548 minime
963 2473 1334 2548 exercitati
1375 2473 1614 2563 vitio)
1663 2472 1948 2551 videtur
1992 2469 2105 2566 (h)
2153 2466 2532 2559 Difficilis3
2592 2468 2684 2544 At
2720 2465 2888 2543 Plu-

341 2572 543 2647 rimis
583 2566 622 2646 ὲ
663 2568 1221 2648 Recentioribus
1251 2568 1694 2649 Difficilior:
1751 2569 1914 2649 Nec
1962 2573 2236 2667 injuria.
2340 2567 2473 2646 Illa
2523 2571 2719 2644 enim
2749 2566 2888 2643 fuit

341 2668 728 2767 indiligens
781 2667 1325 2769 Exscriptorum
1391 2671 1660 2748 inscitia
1700 2726 1782 2759 ,.-
1814 2685 1898 2748 ut
1938 2670 2181 2748 nullus
2215 2667 2365 2761 fere
2408 2666 2676 2746 Versus
2728 2667 2889 2762 (de

342 2770 631 2867 Paginis
670 2769 846 2869 quid
893 2771 1129 2847 dicam
1151 2770 1246 2862 ΖΓ)
1282 2770 1596 2858 fincerus
1636 2785 1763 2849 aut
1798 2768 2176 2848 emendate
2214 2770 2559 2868 scriptus:
2621 2767 2889 2865 Neque

344 2869 616 2954 Manus
661 2891 901 2969 neque
941 2868 1158 2970 Mens
1205 2872 1331 2949 suo
1375 2868 1625 2949 officio
1672 2873 2154 2971 fungebatur,
2246 2867 2679 2948 Monstrosae
2731 2868 2890 2944 ubi·-

403 2995 492 3048 ue
536 2967 829 3057 Voces,
887 2969 1203 3050 absurdae
1244 2971 1680 3067 Sententiae3
1738 2973 1810 3049 &
1837 2971 2120 3052 Barbari
2153 2972 2260 3048 isti
2285 2969 2692 3054 Librorum
2714 2966 2931 3044 con·-'

374 3086 738 3147 'ervatores
779 3072 999 3149 nobis
1057 3072 1506 3149 tradiderunt
1551 3072 1872 3152 Co'dices'
1928 3098 2007 3150 ea
2058 3071 2198 3147 fide
2224 3127 2246 3159 ,
2304 3094 2447 3170 qua
2488 3066 2697 3148 Mare
2741 3086 2891 3148 tur-

344 3171 607 3254 bidum
629 3170 936 3268 Navigia
970 3195 988 3247 ε
1046 3170 1241 3251 Nam
1269 3174 1538 3250 crustat
1581 3173 1772 3250 illud.
1801 3174 2046 3250 fratias
2084 3172 2485 3271 lacerasque
2528 3168 2886 3256 TabulaS,

352 3271 395 3350 ὲ
444 3273 709 3370 quibus
758 3270 1005 3350 forsan>
1054 3271 1204 3347 aliae
1261 3272 1502 3350 Naves
1550 3275 1933 3372 compingi
2037 3269 2279 3351 offunt
2314 3327 2337 3356 ‚
2415 3268 2532 3346 sed
2589 3272 2893 3347 minoris

352 3367 608 3464 form'ae
697 3372 772 3450 &
847 3370 1231 3474 venustatis
1275 3428 1299 3459 ,
1417 3372 1546 3451 nifi
1615 3375 1655 3453 a
1727 3377 1941 3475 periti
2020 3398 2148 3452 mo
2222 3369 2517 3451 Artifice
2591 3374 2897 3469 conJun-

352 3486 637 3571 gantur.

506 3668 615 3748 In
640 3691 682 3748 Ε
709 3695 759 3750 o
813 3669 1030 3772 primi
1071 3680 1348 3752 Lucretii
1385 3670 1718 3752 Editotes
1760 3698 1915 3752 non
1945 3673 2118 3750 tam
2153 3670 2519 3752 Codicum
2573 3643 2897 3765 Scriptu}

342 3791 511 3849 ram
561 3771 1047 3852 exhibebant,
1124 3773 1348 3887 quam
1397 3776 1842 3872 conjecturas
1884 3774 2083 3910 suas,
2142 3799 2350 3853 vanas
2410 3774 2897 3972 ρῑξτιέιςηὲὲὲιὲἇ

425 4077 515 4155 (b)
551 4079 712 4152 Epist.
736 4080 801 4137 ad
823 4081 1095 4149 Fratrem,
1133 4063 1251 4138 Lib.
1275 4081 1351 4138 11.
1387 4079 1488 4153 Ep.
1529 4097 1609 4136 11.
1666 4041 1906 4140 lucretii*
1935 4039 2177 4140 Possaeitata
2217 4099 2312 4136 non
2336 4080 2467 4146 sunt
2512 4085 2589 4136 ita
2625 4082 2797 4136 multis
2822 4083 2901 4138 lu-

354 4161 575 4215 minibus
600 4161 851 4230 Ingenii,
888 4158 1058 4214 mi'drae
1090 4171 1256 4215 tamn
1287 4166 1413 4215 artis
1447 4182 1466 4216 .·
1524 4162 1634 4218 Alii
1662 4163 1882 4233 legunt,
1939 4166 2074 4218 Sunt
2105 4165 2202 4216 lita
2230 4162 2434 4231 multrk,
2465 4162 2579 4225 &a
2653 4161 2739 4240 (e)
2778 4163 2898 4219 Am.

346 4242 470 4297 nb.
489 4242 535 4297 1.
562 4243 649 4299 El.
676 4260 759 4311 15.
833 4241 923 4314 (d)
950 4242 1072 4299 Inst.
1103 4244 1248 4299 Orat.
1279 4242 1394 4298 Lib.
1413 4243 1484 4298 X.
1514 4245 1639 4314 Cap.
1663 4261 1709 4300 1.
1782 4242 1894 4316 (e)
1928 4244 2152 4300 Geneth.
2189 4243 2386 4298 Lucani
2408 4283 2426 4312 ,
2463 4244 2579 4298 Lib.
2601 4243 2676 4298 11.
2712 4238 2902 4314 S‘ylva-

349 4339 488 4380 rum.
526 4319 535 4322 “
562 4323 683 4397 (f)
720 4316 976 4380 Eusebius
1013 4325 1191 4397 Olym.
1233 4339 1349 4392 171.
1435 4322 1558 4396 (g)
1594 4327 1869 4385 Cornelius
1887 4325 2066 4396 Nepos
2087 4328 2186 4383 vit.
2203 4328 2386 4385 Attici.
2455 4324 2488 4401 (
2501 4328 2534 4382 b
2545 4334 2576 4397 )
2599 4327 2738 4385 lust..
2757 4329 2902 4390 Orat.

352 4402 471 4461 Lib.
494 4405 566 4462 X.
590 4407 714 4477 Cap.
743 4419 788 4459 r.
827 4397 931 4461 Ubi
960 4414 1134 4462 tamen
1155 4404 1402 4463 Barthius
1425 4446 1442 4474 ,
1473 4403 1560 4464 sed
1576 4405 1794 4476 frustra,
1837 4401 1967 4477 l‘efiit
1985 4406 2248 4479 Difficstltir.
